4944 6010
490 587 541 644 ao
626 553 629 566 '
776 561 818 633 ts
896 558 938 632 c.
1011 573 1136 632 tra
1212 579 1330 630 nea
1404 559 1604 634 Boon
1678 565 1927 638 nrusctr

491 757 738 845 inexplicando
767 753 962 840 gravissimo
993 752 1219 840 vegetabilium
1251 751 1466 822 secretiorum
1495 776 1610 841 operer
1645 758 1769 840 quippe
1797 759 1913 828 mirum
1941 763 2090 844 videtur,
2118 781 2214 848 prat

493 881 600 948 claros
623 893 735 955 varos,
761 872 877 954 quide
899 874 1079 956 plantarum
1113 867 1362 951 functionibus,
1383 869 1422 938 de
1445 871 1547 952 airis,
1577 873 1686 956 humi,
1711 874 1794 942 funi
1820 897 1851 942 et
1875 879 1983 961 lucis,
2010 877 2148 949 elbeaeia
2170 880 2207 950 in

492 998 643 1080 plantas,
670 989 786 1056 eximie
805 989 1030 1074 scripserunt,
1054 986 1141 1052 baud
1158 1004 1229 1054 rato
1253 1000 1376 1069 tacere,
1402 1003 1437 1056 ut
1453 1003 1650 1058 caeterorum
1674 1011 1871 1077 corporum,
1895 995 1995 1062 sicet
2018 997 2126 1080 lucis,
2154 1013 2208 1076 va·

492 1109 593 1177 lorem
618 1104 808 1191 praeprimis
845 1107 880 1172 in
911 1103 1044 1170 stimulo
1072 1103 1170 1168 allato
1193 1121 1264 1168 esse
1290 1104 1458 1188 positum,
1487 1103 1642 1176 incitante
1667 1123 1699 1173 et
1723 1112 1905 1178 moderante
1933 1111 2095 1195 quidquid
2119 1126 2208 1194 prae·

493 1239 557 1296 atet
579 1223 725 1290 materies
747 1221 916 1306 organica:
941 1219 1058 1288 mirum
1088 1219 1238 1302 videtur,
1268 1237 1403 1306 magnos
1426 1220 1608 1304 plantarum
1632 1239 1770 1304 conatus
1793 1227 1972 1295 adscribere
2003 1227 2064 1294 hos
2093 1226 2204 1311 viros,

495 1344 548 1408 vel
573 1338 762 1408 rudioribus
784 1336 893 1406 causis
911 1335 1128 1419 mechanicis,
1153 1338 1204 1402 vel
1222 1335 1382 1405 chemieae
1397 1338 1581 1407 attractioni
1599 1340 1756 1422 tardiori,
1780 1344 1828 1407 vel
1844 1341 1917 1410 aliis
1938 1341 2095 1429 ejusmodi
2109 1342 2208 1412 ratin-

495 1457 617 1538 ttibus,
648 1475 749 1535 aevo,
775 1463 811 1520 ut
834 1451 1212 1556 fit,·respondentibus,
1233 1452 1353 1532 inquo
1370 1450 1538 1518 scribitur.
1582 1451 1700 1537 Neque
1718 1475 1911 1539 quemquam
1937 1455 2048 1540 fugere
2072 1455 2205 1540 potuit,

490 1575 570 1640 dum
594 1585 710 1638 cuncta
736 1589 772 1636 se
794 1569 1005 1652 exposituros
1035 1581 1225 1653 sperarunt,
1248 1585 1305 1634 eos
1328 1583 1441 1650 graves
1464 1568 1670 1640 commisisse
1692 1591 1835 1652 errores,
1864 1575 1966 1640 multa
1983 1571 2204 1656 phaenomena

494 1686 686 1770 reliquisse,
704 1703 772 1752 non
790 1683 959 1766 exposita,
976 1685 1059 1768 quin
1075 1703 1116 1752 ne
1130 1684 1291 1752 illustrata
1306 1683 1458 1766 quidem,
1474 1685 1606 1770 sibique
1624 1687 1716 1772 ipsos
1733 1707 1799 1757 rete
1814 1687 1965 1772 nexisse,
1983 1691 2062 1760 adeo
2076 1679 2202 1764 aretutlt'

490 1817 522 1872 et
545 1801 737 1888 multiplex,
761 1815 799 1868 ut
817 1800 892 1868 inde
914 1819 949 1868 se
975 1800 1069 1887 ipsos
1091 1819 1161 1870 non
1181 1801 1330 1888 expedire
1353 1802 1504 1888 potuisse
1528 1803 1615 1872 baud
1632 1807 1771 1873 obscure
1792 1819 1956 1890 appareat.

1293 2035 1328 2120 s·
1372 2052 1409 2118 a·

1434 2174 1453 2220 a

489 2328 493 2336 .
532 2268 664 2340 Etenim
684 2287 754 2340 non
776 2286 946 2355 superesse
970 2267 1106 2336 dubium
1133 2266 1273 2334 arbitror
1295 2266 1335 2334 de
1353 2265 1581 2350 vegetabilium
1614 2267 1829 2338 irritabilitate
1854 2267 1969 2356 (20),
2003 2278 2202 2352 postquam,

490 2401 531 2454 att
549 2385 582 2454 in
605 2399 719 2455 nostra
741 2386 866 2468 Patria,
897 2385 943 2452 ita
969 2384 1069 2466 alibi,
1098 2399 1310 2451 surrexerunt
1328 2381 1485 2468 Physici,
1517 2385 1574 2468 qui
1600 2384 1745 2454 indubiis
1778 2383 2004 2470 experimentis
2029 2399 2062 2452 et
2091 2384 2202 2452 obser·

487 2503 677 2572 rationibus
693 2501 878 2587 fidelibus,
902 2517 972 2570 tum
997 2502 1187 2584 animalem,
1217 2515 1287 2568 tum
1305 2501 1516 2588 vegetabilem
1534 2503 1797 2567 demonstrarunt
1812 2499 2072 2568 irritabilitatem.
2105 2499 2199 2567 Hane

485 2619 668 2709 probarunt
700 2635 794 2704 capta
816 2617 1031 2704 experimenta
1060 2636 1135 2686 eum
1165 2615 1371 2704 Euphorbiis
1397 2615 1514 2700 (nr)t
1547 2611 1634 2680 facta
1663 2614 1807 2698 pericula
1830 2629 1863 2682 et
1890 2614 2134 2683 observationes
2158 2611 2199 2679 de

484 2734 642 2818 languore
663 2738 846 2820 plantarum
871 2749 903 2802 et
920 2735 1060 2819 hyemali
1076 2751 1109 2803 et
1130 2735 1228 2802 senili
1247 2734 1317 2820 (aa
1330 2735 1372 2822 ),
1393 2733 1433 2800 de
1447 2731 1622 2798 humorum
1637 2728 1849 2814 absorptione
1864 2740 1897 2796 et
1906 2731 2064 2812 adscensu
2079 2728 2149 2814 (aa
2160 2731 2201 2814 ),
2267 2797 2272 2804 ,

485 2848 527 2917 de
541 2847 698 2934 regulari,
721 2849 818 2918 certis
836 2849 964 2936 legibus
981 2849 1157 2935 adstricta,
1182 2850 1386 2920 diversorum
1405 2845 1631 2962 uegetabilium
1648 2845 1774 2912 diversa
1789 2842 1997 2913 defoliatione
2018 2844 2139 2929 (24),
2164 2841 2206 2907 de

2139 2975 2202 3022 mr·
2235 2965 2242 2972 '

517 3120 702 3188 (ao)1atlml
726 3137 802 3179 sensu
824 3123 929 3190 aeeipie
947 3137 1042 3177 rocam
1067 3125 1259 3182 metalemsin
1284 3135 1340 3176 eant
1365 3121 1483 3176 derisam
1512 3136 1527 3175 a
1549 3124 1677 3175 vocabalo
1696 3121 1848 3174 irrita-erte.
1881 3124 1988 3174 constat
2015 3130 2100 3170 antem
2128 3115 2207 3170 rarle

484 3227 563 3270 sema
575 3218 640 3268 bane
657 3229 750 3268 roeetn
767 3229 899 3282 aceeptam
914 3229 989 3282 ease,
1006 3229 1066 3268 eum
1083 3229 1114 3268 ea
1128 3216 1282 3278 sianlbeavlt
1296 3218 1407 3268 um
1426 3217 1579 3276 singularem
1593 3217 1647 3266 vim
1663 3212 1785 3266 muarnlia
1807 3213 1957 3278 proprlam,
1974 3223 2002 3262 et
2023 3213 2129 3263 conflas
2141 3223 2202 3268 eata

484 3309 564 3368 antldl
577 3309 633 3362 aivl
646 3309 831 3375 tenallltuen,
849 3322 914 3374 quae
937 3307 1082 3361 lerlorlbna
1097 3308 1205 3362 atlmralia
1222 3309 1250 3360 ln
1264 3319 1348 3360 motas
1369 3322 1504 3360 mammes
1525 3308 1667 3372 larampats
1690 3310 1752 3362 lasa.
1772 3307 1845 3360 Pub.
1861 3322 1916 3372 gea.
1944 3307 1993 3360 Ed.
2005 3319 2030 3368 ³·
2051 3320 2079 3369 p.
2093 3305 2133 3370 87.
2151 3313 2202 3356 nee

479 3402 652 3466 videoquare
666 3403 795 3454 rambula
808 3401 983 3452 lnleaatlimb
996 3401 1156 3466 praeferatur
1175 3401 1255 3452 bodie
1275 3403 1428 3452 vocabulum
1448 3404 1640 3462 balsamum,
1663 3413 1693 3452 nt
1720 3400 1788 3452 enlm
1811 3401 1964 3450 &tulllius
1992 3399 2023 3450 ab
2053 3402 2201 3449 tentatam

480 3496 629 3558 derlvatnr,
644 3493 680 3546 lta
698 3496 730 3546 ab
749 3499 900 3546 aalma·
916 3495 1084 3546 emtarum:
1109 3507 1245 3560 utrumqne
1268 3506 1351 3546 anteat
1374 3507 1427 3546 non
1447 3495 1580 3556 usurparit
1602 3505 1730 3545 vetustas:
1755 3493 1857 3545 aecedlt
1875 3495 1964 3556 quod,
1985 3493 2029 3557 qul
2043 3491 2202 3556 prlmlbane

479 3587 623 3640 aalmallnm
641 3590 815 3650 pbntatumre
829 3584 879 3637 vim
902 3589 1038 3640 enodate
1061 3601 1223 3655 exposuere,
1248 3601 1341 3640 vocem
1362 3585 1540 3638 lrrttabllltattr'
1562 3588 1724 3650 usurparlate
1748 3589 1788 3636 ste
1808 3587 1850 3638 ct
1872 3587 2034 3637 rencs-ratu
2055 3595 2125 3636 auaro
2147 3586 2201 3634 boe

476 3680 557 3734 titulo
571 3677 701 3742 lnalanlvit
715 3678 918 3731 dissertationem
932 3681 960 3730 da
975 3685 1118 3732 namara·
1131 3693 1155 3731 aa
1171 3695 1280 3733 saum
1297 3683 1323 3732 al
1336 3677 1472 3744 lraltablll,
1488 3691 1546 3732 saar.
1567 3680 1689 3740 cronius.
1713 3683 1782 3740 17⁶6.
1805 3693 1832 3732 er
1859 3677 1899 3730 cl„
1924 3679 2056 3734 aarum,
2073 3677 2145 3730 amala
2161 3675 2202 3726 bt·

478 3772 583 3835 resinata
598 3771 805 3826 dissertationem
815 3772 845 3823 da
858 3771 1033 3826 lrrltabltltate
1044 3771 1202 3834 Pam,
1219 3773 1351 3835 ’rablraae
1368 3775 1438 3837 1768·
1447 3785 1647 3838 ‚quarequoque
1662 3785 1695 3826 eo
1710 3784 1785 3826 mrsu
1802 3765 1989 3826 boemano·
2005 3770 2107 3834 aceepit
2121 3771 2200 3826 Dore

477 3866 580 3928 culn,
603 3865 631 3916 ln
651 3864 753 3930 egrezla
775 3865 876 3918 dissert.
907 3865 935 3914 da
958 3877 1049 3917 natata
1072 3867 1189 3936 lta-vara
1211 3867 1286 3916 laisla
1309 3881 1327 3914 a
1348 3870 1375 3919 ai
1397 3869 1469 3920 stul}
1490 3883 1593 3920 uam
1617 3865 1742 3920 maula
1755 3883 1772 3925 a,
1789 3878 1816 3918 at
1845 3861 1994 3918 Germanice
2017 3861 2069 3922 iata
2098 3867 2199 3928 pride-

475 3962 570 4012 eodem
586 3969 663 4011 sensu
677 3962 817 4021 irritum,
832 3959 1005 4024 emereatur,
1022 3959 1153 4017 oecmnts
1167 3958 1222 4012 rie.
1238 3963 1360 4011 Gllrtana·
1376 3963 1445 4024 apud
1458 3963 1631 4027 emunitas,
1646 3961 1672 4011 ln
1689 3961 1788 4011 mama
1799 3963 1861 4008 elasa
1870 3957 2056 4024 prag-nstrata
2070 3960 2203 4010 (irradiabat

474 4052 516 4103 dat
531 4051 714 4116 deambula,
731 4063 747 4112 s
762 4052 839 4105 Tbell
861 4068 889 4117 p.
902 4051 961 4105 tot·
992 4055 1027 4104 lna
1046 4053 1123 4105 etlam
1146 4051 1244 4105 Gallice
1265 4051 1442 4116 Hanlautlas,
1467 4053 1512 4120 qul
1535 4051 1591 4118 lpse
1612 4053 1811 4106 lrrltabttltatem
1832 4048 1862 4104 vl
1882 4049 2054 4105 meruleta·
2072 4051 2203 4117 opponit,

479 4147 579 4199 dleens.
612 4178 634 4212 „
651 4145 700 4197 las
713 4157 855 4209 vermanx,
872 4145 896 4197 sl
912 4149 1049 4208 meternes
1064 4159 1114 4200 aas
1129 4146 1246 4199 anlmaux
1259 4159 1306 4210 par
1319 4159 1426 4210 rapport
1446 4146 1636 4198 ammentant!
1657 4149 1691 4198 de
1712 4144 1781 4197 lema
1802 4143 1880 4196 norea
1899 4155 1926 4196 et
1947 4159 1997 4198 ana
2011 4145 2141 4198 admatm
2155 4139 2202 4207 qn!

476 4271 500 4306 „
515 4241 554 4292 lea
567 4241 700 4302 meent,
716 4251 749 4292 ea
764 4237 884 4292 emerere
901 4223 1120 4296 moenndtemeat
1133 4254 1180 4305 par
1196 4233 1303 4302 rapport
1318 4253 1333 4290 a
1347 4241 1405 4290 tens
1418 4238 1543 4294 studet·
1563 4237 1619 4294 tid-
1640 4241 1728 4314 ΡομιοΙ
1745 4237 1774 4290 da
1793 4238 1918 4294 Htw
1936 4248 1965 4290 ea
1981 4235 2120 4303 ausu.
2139 4238 2199 4292 b·

477 4331 560 4386 alere
575 4335 677 4398 partie,
692 4331 806 4384 Premler
819 4333 924 4385 solutae
942 4333 1013 4400 adop.
1045 4335 1175 4402 αρνιμ.
1188 4335 1227 4386 dat
1240 4332 1350 4398 eam,
1365 4348 1394 4400 p.
1409 4345 1453 4400 aa.

510 4427 578 4494 (at)
596 4429 701 4491 cadas,
716 4425 807 4478 abant.
829 4441 857 4492 p.
874 4437 906 4480 te
921 4440 996 4494 seqq.

511 4509 814 4585 (aa)ca·1.atu.1.p.
832 4531 910 4571 anea
924 4531 968 4579 rs.

512 4605 587 4676 (aa)
601 4613 653 4663 raa
666 4611 778 4674 Mam,
792 4614 819 4662 la
829 4612 920 4667 ditent.
936 4613 964 4666 da
977 4627 1040 4668 arata
1048 4612 1175 4680 fialam
1191 4617 1218 4666 1·
1229 4617 1327 4680 pta-m
1360 4613 1425 4670 vari.
1442 4617 1469 4664 ta
1479 4611 1534 4668 aa.
1551 4615 1572 4666 t.
1595 4627 1624 4680 p.
1638 4623 1670 4668 ta
1682 4625 1756 4684 seqq.

499 4699 1369 4812 ,toretmuermaqauamaut-‚ma
1391 4709 1551 4782 stus,
