4944 6010
483 520 527 612 aa
760 503 807 574 n.
863 459 921 572 '‘o.
994 493 1117 604 sas
1188 517 1308 570 aas
1382 493 1587 569 soom
1659 495 1912 574 ntnscn

482 697 638 779 amicam,
670 689 806 780 eamque
829 707 943 764 contra
971 693 1141 762 nonnullis
1165 695 1360 775 molestam;
1394 690 1521 758 scilicet
1553 705 1705 774 constat,
1736 711 1804 775 quo
1835 692 2055 776 praestantius
2087 694 2194 765 irrita-

482 829 627 883 mentum
648 812 714 894 sit,
735 831 775 880 eo
802 814 879 896 plus
899 808 1035 896 periculi
1053 811 1257 875 metuendum
1282 826 1352 876 esse
1369 807 1408 872 ab
1436 806 1666 890 intempestivo
1692 809 1763 892 ejus
1791 828 1873 876 usu:
1898 823 1937 876 ut
1954 796 2035 876 enirn
2063 791 2191 885 cauclici¹

479 929 687 1000 adscendenti
713 929 920 1014 gratissimus
945 941 993 992 est
1018 925 1272 992 etnecessarius
1308 923 1393 990 lucis
1424 938 1528 1003 usus,
1557 921 1602 986 ita
1628 921 1832 990 descendenti
1853 923 2004 1004 inimicus
2031 939 2063 992 et
2088 927 2193 996 mies-
2243 935 2248 951 ¹

478 1059 553 1128 msa
585 1063 653 1127 quo
680 1041 736 1125 lit,
767 1055 824 1123 ut,
852 1042 939 1108 sicut
964 1037 1019 1104 ille
1047 1037 1136 1105 omni
1170 1053 1234 1121 ope
1276 1036 1414 1116 nititur,
1449 1035 1507 1117 qui
1540 1037 1642 1104 lucem
1668 1053 1817 1122 appetat,
1849 1039 1894 1105 ita
1920 1039 1995 1121 hic,
2028 1057 2189 1123 quantum

454 1160 740 1246 'potest,luccm
759 1155 896 1241 fugiat·
920 1153 984 1220 Est
1007 1167 1113 1218 autem
1143 1151 1221 1222 haec
1245 1151 1342 1236 fuga,
1374 1169 1458 1235 quae
1480 1169 1586 1218 veram
1609 1153 1757 1220 videatur
1787 1155 1924 1237 pandere
1946 1173 2096 1238 causam,
2130 1177 2192 1228 cur

478 1277 602 1343 caudex
633 1273 831 1342 descendens
858 1269 923 1336 sub
945 1284 1027 1335 terra
1056 1287 1093 1337 se
1117 1245 1300 1351 subducat,
1323 1280 1355 1333 et
1378 1266 1536 1334 radiculas
1561 1265 1728 1352 proferat,
1754 1282 1785 1334 et
1809 1269 1985 1338 ascendens
2012 1290 2110 1354 supra
2128 1287 2193 1340 ter·

480 1409 559 1482 ram,
578 1387 698 1455 sensim
731 1405 803 1452 sese
829 1385 932 1450 elevet
961 1396 993 1449 et
1028 1384 1135 1450 trunci
1165 1384 1254 1450 vices
1291 1397 1406 1468 gerat3
1440 1401 1559 1467 quare,
1595 1384 1682 1450 sicut
1716 1387 1823 1468 solet,
1855 1388 1920 1472 jam
1954 1387 2078 1471 egregie
2106 1387 2189 1458 dixit

481 1523 630 1572 summus
655 1503 846 1582 Linnaeus,
877 1500 912 1566 in
934 1499 1098 1582 praeclaro
1123 1515 1218 1582 opere
1240 1497 1448 1586 Philosophia
1479 1498 1640 1566 Botanica
1677 1501 1854 1583 „arbores
1883 1499 2083 1584 fruticesque
2110 1522 2190 1575 sunt

480 1620 657 1707 „radices
683 1637 782 1701 supra
813 1630 950 1698 terram,
981 1614 1079 1682 arbor
1108 1614 1303 1684 verticalitet
1336 1613 1463 1684 inversa
1490 1633 1509 1684 e
1533 1615 1666 1685 caudice
1697 1615 1907 1684 descendente
1937 1613 2000 1684 fert
2025 1615 2118 1705 folia,
2145 1635 2196 1694 ,ex

482 1784 511 1824 „
535 1735 751 1806 adscendente
773 1728 981 1804 radiculas.’³

1278 1967 1312 2050 s.
1356 1965 1389 2032 t.

518 2198 639 2283 Neque
660 2195 770 2264 minus
794 2193 873 2278 quid
899 2192 996 2262 faciat
1021 2192 1108 2260 lucis
1127 2192 1359 2262 irritamentum
1384 2205 1565 2263 monstrant
1594 2193 1778 2278 plantarum
1804 2189 1944 2277 vigiliae.
1983 2191 2105 2275 Specto
2130 2192 2191 2265 hie

477 2317 633 2400 pulchras
658 2313 795 2379 Linnaei
824 2310 1092 2392 observationes,
1123 2310 1275 2376 docentes
1295 2326 1366 2374 esse
1392 2307 1542 2392 plantas,
1575 2325 1658 2390 quae
1683 2289 1901 2374 determinatis
1929 2304 1991 2371 dici
2016 2305 2108 2374 horis
2126 2305 2192 2374 do·

476 2445 528 2496 tes
546 2426 711 2512 aperiant,
734 2425 936 2508 expandam,
960 2415 1132 2504 claudant3
1159 2419 1247 2488 ¹sicut
1270 2415 1407 2502 Tropici
1425 2439 1516 2486 mane
1537 2419 1641 2504 aperti
1661 2435 1693 2487 et
1714 2398 1786 2488 ante
1803 2438 1967 2504 vesperam
1990 2421 2131 2504 reclusi,
2154 2434 2190 2488 et
2270 2407 2273 2413 λ

472 2541 735 2624 aequinoctiales
765 2553 850 2604 certa
879 2553 912 2605 et
930 2535 1073 2621 positiva
1097 2535 1161 2602 diei
1181 2536 1260 2604 hora
1279 2535 1362 2602 idem
1389 2534 1562 2604 facientes:
1588 2539 1672 2604 unde
1692 2537 1899 2622 horologium
1914 2539 2057 2607 confecit
2081 2557 2191 2624 prom·

474 2672 572 2744 ptum
588 2655 727 2724 Linnaei
746 2653 911 2740 ingenium
926 2655 1037 2739 (30).
1081 2651 1186 2720 Lucis
1202 2654 1343 2720 valorem
1367 2651 1537 2722 confirmat
1554 2652 1781 2738 vegetabilium
1805 2671 1961 2738 somnus,
1984 2673 2104 2721 nomen
2121 2669 2191 2722 non

474 2792 614 2860 prorsus
629 2772 860 2856 incongruum.
907 2769 1071 2836 Nimirum
1091 2783 1169 2836 sunt
1183 2769 1331 2852 plantae,
1354 2787 1494 2853 quorum
1510 2769 1610 2852 folia,
1631 2768 1820 2853 praeprimis
1835 2770 2036 2856 composita,
2060 2772 2189 2856 quippe

395 2962 402 2976 x
473 2887 637 2956 mollioris
668 2900 853 2952 structurae
878 2899 912 2952 et
936 2883 1106 2952 tenerioris
1135 2884 1288 2968 indolis,
1319 2883 1608 2968 salopesberiae,
1640 2887 1739 2954 situm
1777 2901 1934 2970 mutent,
1966 2888 2187 2972 dependeant,

472 3023 589 3072 versus
616 3022 651 3070 se
677 3002 822 3070 invicem
850 3001 1032 3082 inclinent,
1056 3019 1091 3067 se
1114 3000 1293 3083 invertant,
1315 3015 1467 3086 tangente
1491 3001 1625 3068 alterius
1657 2999 1730 3068 folii
1753 3000 1834 3068 facie
1861 3003 2028 3086 superiore
2054 3004 2203 3071 alterius·

473 3118 696 3202 superiorem,
728 3131 760 3182 ct
790 3135 826 3184 sc
851 3115 1047 3182 imbricatim
1077 3116 1172 3198 quasi
1198 3116 1368 3201 imponant
1386 3115 1550 3184 fructibus
1575 3131 1607 3184 et
1634 3117 1795 3200 floribus,
1824 3120 1893 3188 acsi
1928 3120 1990 3186 hos
2022 3118 2191 3188 defendere

471 3245 662 3300 conentura
678 3228 787 3300 noctis
813 3227 963 3313 injuriis,
988 3246 1056 3294 uno
1074 3229 1198 3309 verbo,
1223 3249 1365 3312 quorum
1387 3234 1474 3298 situs
1494 3232 1628 3300 directio
1651 3233 1697 3299 ita
1718 3252 1737 3299 a
1763 3232 1877 3305 solitis¹
1892 3245 1925 3300 et
1941 3234 2067 3302 diurnis
2085 3235 2188 3303 disce·

472 3348 573 3428 dant,
595 3359 633 3411 ut
656 3344 744 3410 haud
768 3362 840 3416 raro
869 3360 988 3410 novam
1017 3341 1114 3425 quasi
1136 3342 1406 3428 Physionomiam
1437 3345 1584 3414 induisse
1617 3346 1761 3430 plantam
1791 3347 1933 3429 dixeris,
1961 3367 2068 3432 neque
2091 3349 2191 3416 inter·

470 3463 548 3530 dum
573 3461 714 3527 eamdem
740 3457 935 3544 agnoveris3
968 3460 1040 3526 sole
1061 3467 1148 3526 vero'
1167 3459 1291 3528 oriente
1320 3459 1496 3544 pristinum
1518 3461 1619 3532 situm
1648 3461 1810 3546 recipiunt
1838 3461 1942 3545 folia,
1973 3479 2005 3530 et
2038 3463 2191 3536 instituta
2264 3521 2267 3527 Δ

471 3576 567 3664 quasi
590 3575 658 3642 acie
681 3573 916 3658 amplissimam
947 3571 1152 3658 superficiem
1182 3573 1388 3644 amicissimis
1422 3577 1505 3646 solis
1536 3577 1633 3645 radiis
1669 3595 1854 3664 opponunt.
1906 3579 2046 3648 Videtur
2078 3593 2186 3647 autem

470 3693 527 3760 hic
555 3674 694 3760 somnus
720 3711 781 3776 pro
812 3704 903 3775 parte
925 3691 1136 3774 exponendus
1158 3708 1198 3757 ex
1228 3704 1351 3758 mutata
1378 3690 1494 3776 petioli
1524 3711 1677 3760 vasorum
1700 3694 1912 3778 directione,
1930 3713 2069 3778 quorum
2099 3709 2189 3764 tene·

469 3809 601 3876 citatem
617 3822 650 3873 et
665 3821 780 3874 tonum
803 3804 881 3872 Lux
902 3817 1063 3874 sustentat
1086 3819 1118 3872 et
1142 3820 1239 3891 auget
1254 3806 1399 3890 egregic3
1423 3807 1509 3874 unde
1532 3807 1565 3874 id
1590 3807 1727 3893 edicitur
1754 3823 1814 3892 ut,
1832 3811 1921 3874 ‘luce
1956 3807 2110 3891 absente,
2133 3828 2192 3893 pe·

468 3923 639 3994 tiolivasa
662 3921 828 3988 ethorum
853 3921 1032 4006 expansio,
1058 3939 1139 4005 quae
1157 3921 1275 3989 folium
1299 3936 1372 4006 est,
1401 3923 1500 3992 allum
1526 3923 1626 3990 situm
1649 3923 1822 4010 accipiant.
1867 3921 1921 3990 Ex
1945 3922 2067 4005 quibus
2089 3919 2191 3992 simul

467 4041 596 4122 elucet,
627 4037 724 4106 haud·
744 4039 901 4106 minorem
924 4038 998 4106 luce
1021 4037 1192 4106 utilitatem
1221 4039 1341 4125 plantis
1364 4055 1525 4124 praestare
1547 4055 1699 4125 noctem;
1733 4053 1771 4108 ut
1796 4036 1904 4121 enim,
1940 4056 2009 4107 nox
2040 4041 2071 4108 si
2104 4039 2190 4108 foret

467 4157 676 4240 diummior,
705 4173 818 4226 omnes
842 4159 1025 4243 plantarum
1051 4157 1241 4225 functiones
1267 4159 1477 4242 languerent,
1509 4169 1671 4239 torperent
1695 4169 1727 4222 et
1756 4155 2050 4238 suspenderentur,
2082 4169 2114 4221 et
2139 4155 2192 4222 in·

468 4275 641 4340 duceretur
662 4272 788 4358 vigoris
818 4273 928 4340 vitalis
962 4272 1159 4354 exstinctio,
1191 4293 1357 4360 soporque
1376 4273 1450 4343 dein
1481 4274 1637 4357 lethalis,
1668 4274 1713 4340 ita
1735 4275 1764 4341 si
1789 4291 1917 4357 semper
1940 4273 2063 4357 vigeret
2087 4273 2188 4356 Lux,

359 4367 361 4374 ⁴
463 4387 569 4460 nimis
585 4385 730 4453 incitatis
749 4385 926 4470 quibusvis
944 4385 1196 4472 functionibus,
1220 4389 1387 4458 exhaustis
1405 4389 1640 4459 secretionibus
1654 4403 1687 4456 et
1701 4387 1983 4468 exhalationibus,
2006 4385 2188 4473 irmmpen·

468 4499 523 4584 ac,
548 4501 648 4568 nullis
666 4502 807 4586 amplius
825 4501 972 4572 stimulis
987 4502 1163 4590 irritanda,
1185 4503 1400 4592 lassitudine,
1428 4507 1532 4576 siccae
1546 4521 1577 4576 ct
1593 4525 1769 4594 oppressae
1782 4505 2031 4576 succumberent
2046 4506 2186 4592 plantae.

494 4728 571 4802 w>
587 4727 634 4785 Pla
644 4725 778 4822 Mache,
791 4747 820 4802 p·
836 4745 884 4799 aaa
898 4741 925 4786 et
944 4669 1021 4802 req·
2095 4617 2130 4700 s·
2154 4635 2188 4702 ⁷·
