<?xml version="1.0" encoding="UTF-8"?>
<!DOCTYPE html PUBLIC "-//W3C//DTD XHTML 1.0 Transitional//EN"
    "http://www.w3.org/TR/xhtml1/DTD/xhtml1-transitional.dtd">
<html xmlns="http://www.w3.org/1999/xhtml" xml:lang="en" lang="en">
 <head>
  <title>
</title>
<meta http-equiv="Content-Type" content="text/html;charset=utf-8" />
  <meta name='ocr-system' content='tesseract 3.04.00' />
  <meta name='ocr-capabilities' content='ocr_page ocr_carea ocr_par ocr_line ocrx_word'/>
</head>
<body>
  <div class='ocr_page' id='page_1' title='image "./commentatiodevi00mescgoog_0030.png"; bbox 0 0 4944 6010; ppageno 0'>
   <div class='ocr_carea' id='block_1_1' title="bbox 556 467 1962 612">
    <p class='ocr_par' dir='ltr' id='par_1_1' title="bbox 556 467 1962 612">
     <span class='ocr_line' id='line_1_1' title="bbox 556 467 1962 612; baseline 0.008 -46"><span class='ocrx_word' id='word_1_1' title='bbox 556 487 1172 612; x_wconf 21' lang='lat' dir='ltr'><strong>,comunrrnrro</strong></span> <span class='ocrx_word' id='word_1_2' title='bbox 1245 467 1681 572; x_wconf 77' lang='lat' dir='ltr'><strong>cunurun&#39;</strong></span> <span class='ocrx_word' id='word_1_3' title='bbox 1903 495 1962 586; x_wconf 72' lang='lat' dir='ltr'><strong>aa</strong></span> 
     </span>
    </p>
   </div>
   <div class='ocr_carea' id='block_1_2' title="bbox 147 684 1954 2405">
    <p class='ocr_par' dir='ltr' id='par_1_2' title="bbox 147 684 1954 2405">
     <span class='ocr_line' id='line_1_2' title="bbox 240 684 1954 783; baseline -0.003 -13"><span class='ocrx_word' id='word_1_4' title='bbox 240 695 285 770; x_wconf 80' lang='lat' dir='ltr'><strong>in.</strong></span> <span class='ocrx_word' id='word_1_5' title='bbox 302 714 388 783; x_wconf 82' lang='lat' dir='ltr'><strong>agua</strong></span> <span class='ocrx_word' id='word_1_6' title='bbox 403 695 570 774; x_wconf 79' lang='lat' dir='ltr'><strong>solvamur,</strong></span> <span class='ocrx_word' id='word_1_7' title='bbox 594 703 633 758; x_wconf 87' lang='lat' dir='ltr'><strong>ut</strong></span> <span class='ocrx_word' id='word_1_8' title='bbox 658 703 731 757; x_wconf 87' lang='lat' dir='ltr'><strong>aere</strong></span> <span class='ocrx_word' id='word_1_9' title='bbox 747 685 941 770; x_wconf 79' lang='lat' dir='ltr'><strong>ranunculi,</strong></span> <span class='ocrx_word' id='word_1_10' title='bbox 963 684 1048 756; x_wconf 88' lang='lat' dir='ltr'><strong>illud</strong></span> <span class='ocrx_word' id='word_1_11' title='bbox 1069 687 1104 756; x_wconf 92' lang='lat' dir='ltr'><strong>in</strong></span> <span class='ocrx_word' id='word_1_12' title='bbox 1120 684 1239 771; x_wconf 84' lang='lat' dir='ltr'><strong>spiritu</strong></span> <span class='ocrx_word' id='word_1_13' title='bbox 1261 685 1352 771; x_wconf 88' lang='lat' dir='ltr'><strong>vini,</strong></span> <span class='ocrx_word' id='word_1_14' title='bbox 1374 704 1413 757; x_wconf 90' lang='lat' dir='ltr'><strong>nt</strong></span> <span class='ocrx_word' id='word_1_15' title='bbox 1434 709 1506 762; x_wconf 88' lang='lat' dir='ltr'><strong>acre</strong></span> <span class='ocrx_word' id='word_1_16' title='bbox 1524 689 1647 778; x_wconf 88' lang='lat' dir='ltr'><strong>piperis</strong></span> <span class='ocrx_word' id='word_1_17' title='bbox 1673 689 1865 775; x_wconf 85' lang='lat' dir='ltr'><strong>Hispanicir</strong></span> <span class='ocrx_word' id='word_1_18' title='bbox 1889 695 1954 765; x_wconf 86' lang='lat' dir='ltr'><strong>bao</strong></span> 
     </span>
     <span class='ocr_line' id='line_1_3' title="bbox 244 801 1950 902; baseline -0.004 -18"><span class='ocrx_word' id='word_1_19' title='bbox 244 813 378 902; x_wconf 75' lang='lat' dir='ltr'><strong>materia</strong></span> <span class='ocrx_word' id='word_1_20' title='bbox 397 811 462 880; x_wconf 90' lang='lat' dir='ltr'><strong>acri</strong></span> <span class='ocrx_word' id='word_1_21' title='bbox 487 805 652 895; x_wconf 73' lang='lat' dir='ltr'><strong>uberiores</strong></span> <span class='ocrx_word' id='word_1_22' title='bbox 679 819 758 874; x_wconf 89' lang='lat' dir='ltr'><strong>sunt</strong></span> <span class='ocrx_word' id='word_1_23' title='bbox 779 802 995 892; x_wconf 63' lang='lat' dir='ltr'><strong>calidissima</strong></span> <span class='ocrx_word' id='word_1_24' title='bbox 1017 801 1193 888; x_wconf 75' lang='lat' dir='ltr'>regiones,</span> <span class='ocrx_word' id='word_1_25' title='bbox 1223 819 1290 870; x_wconf 90' lang='lat' dir='ltr'><strong>earn</strong></span> <span class='ocrx_word' id='word_1_26' title='bbox 1308 802 1374 872; x_wconf 86' lang='lat' dir='ltr'><strong>fere</strong></span> <span class='ocrx_word' id='word_1_27' title='bbox 1398 806 1549 892; x_wconf 85' lang='lat' dir='ltr'><strong>ignorant</strong></span> <span class='ocrx_word' id='word_1_28' title='bbox 1569 805 1812 892; x_wconf 72' lang='lat' dir='ltr'><strong>frigidissimae.</strong></span> <span class='ocrx_word' id='word_1_29' title='bbox 1855 809 1950 884; x_wconf 86' lang='lat' dir='ltr'><strong>Prin·</strong></span> 
     </span>
     <span class='ocr_line' id='line_1_4' title="bbox 242 917 1951 1016; baseline 0.001 -19"><span class='ocrx_word' id='word_1_30' title='bbox 242 929 367 1016; x_wconf 82' lang='lat' dir='ltr'><strong>cipium</strong></span> <span class='ocrx_word' id='word_1_31' title='bbox 399 923 598 996; x_wconf 76' lang='lat' dir='ltr'><strong>narcoticum</strong></span> <span class='ocrx_word' id='word_1_32' title='bbox 622 920 755 1008; x_wconf 82' lang='lat' dir='ltr'><strong>proprie</strong></span> <span class='ocrx_word' id='word_1_33' title='bbox 779 917 899 986; x_wconf 88' lang='lat' dir='ltr'><strong>dicitur</strong></span> <span class='ocrx_word' id='word_1_34' title='bbox 927 919 1011 990; x_wconf 86' lang='lat' dir='ltr'><strong>illud</strong></span> <span class='ocrx_word' id='word_1_35' title='bbox 1034 919 1126 1003; x_wconf 91' lang='lat' dir='ltr'><strong>quod</strong></span> <span class='ocrx_word' id='word_1_36' title='bbox 1145 917 1223 1002; x_wconf 91' lang='lat' dir='ltr'><strong>opio</strong></span> <span class='ocrx_word' id='word_1_37' title='bbox 1246 921 1353 1004; x_wconf 88' lang='lat' dir='ltr'><strong>inest;</strong></span> <span class='ocrx_word' id='word_1_38' title='bbox 1382 939 1505 1006; x_wconf 89' lang='lat' dir='ltr'><strong>praeter</strong></span> <span class='ocrx_word' id='word_1_39' title='bbox 1529 923 1690 1016; x_wconf 87' lang='lat' dir='ltr'><strong>materiam</strong></span> <span class='ocrx_word' id='word_1_40' title='bbox 1716 923 1951 1010; x_wconf 84' lang='lat' dir='ltr'><strong>extractiram,</strong></span> 
     </span>
     <span class='ocr_line' id='line_1_5' title="bbox 242 1033 1950 1127; baseline -0.004 -9"><span class='ocrx_word' id='word_1_41' title='bbox 242 1046 451 1127; x_wconf 86' lang='lat' dir='ltr'><strong>resinosam,</strong></span> <span class='ocrx_word' id='word_1_42' title='bbox 480 1041 654 1121; x_wconf 86' lang='lat' dir='ltr'><strong>olsosanr,</strong></span> <span class='ocrx_word' id='word_1_43' title='bbox 684 1034 835 1118; x_wconf 86' lang='lat' dir='ltr'><strong>acidam,</strong></span> <span class='ocrx_word' id='word_1_44' title='bbox 869 1033 1140 1122; x_wconf 79' lang='lat' dir='ltr'><strong>mucilaginosam</strong></span> <span class='ocrx_word' id='word_1_45' title='bbox 1174 1046 1207 1100; x_wconf 92' lang='lat' dir='ltr'><strong>et</strong></span> <span class='ocrx_word' id='word_1_46' title='bbox 1237 1035 1469 1121; x_wconf 77' lang='lat' dir='ltr'><strong>glutinosam,</strong></span> <span class='ocrx_word' id='word_1_47' title='bbox 1507 1040 1626 1124; x_wconf 87' lang='lat' dir='ltr'><strong>opium</strong></span> <span class='ocrx_word' id='word_1_48' title='bbox 1653 1037 1835 1126; x_wconf 86' lang='lat' dir='ltr'><strong>ingreditur</strong></span> <span class='ocrx_word' id='word_1_49' title='bbox 1868 1042 1950 1112; x_wconf 87' lang='lat' dir='ltr'><strong>sub·</strong></span> 
     </span>
     <span class='ocr_line' id='line_1_6' title="bbox 241 1149 1950 1244; baseline -0.002 -13"><span class='ocrx_word' id='word_1_50' title='bbox 241 1159 360 1232; x_wconf 66' lang='lat' dir='ltr'><strong>mutia</strong></span> <span class='ocrx_word' id='word_1_51' title='bbox 381 1158 459 1224; x_wconf 81' lang='lat' dir='ltr'><strong>baec</strong></span> <span class='ocrx_word' id='word_1_52' title='bbox 480 1154 684 1224; x_wconf 89' lang='lat' dir='ltr'><strong>narcotieaa</strong></span> <span class='ocrx_word' id='word_1_53' title='bbox 711 1149 860 1218; x_wconf 73' lang='lat' dir='ltr'><strong>Dotatae</strong></span> <span class='ocrx_word' id='word_1_54' title='bbox 882 1151 988 1237; x_wconf 89' lang='lat' dir='ltr'><strong>probe</strong></span> <span class='ocrx_word' id='word_1_55' title='bbox 1008 1149 1205 1232; x_wconf 83' lang='lat' dir='ltr'><strong>examinata,</strong></span> <span class='ocrx_word' id='word_1_56' title='bbox 1228 1149 1355 1235; x_wconf 91' lang='lat' dir='ltr'><strong>solida,</strong></span> <span class='ocrx_word' id='word_1_57' title='bbox 1378 1153 1472 1238; x_wconf 86' lang='lat' dir='ltr'><strong>alba,</strong></span> <span class='ocrx_word' id='word_1_58' title='bbox 1495 1154 1657 1239; x_wconf 87' lang='lat' dir='ltr'><strong>insipida,</strong></span> <span class='ocrx_word' id='word_1_59' title='bbox 1685 1153 1842 1242; x_wconf 82' lang='lat' dir='ltr'><strong>inodora,</strong></span> <span class='ocrx_word' id='word_1_60' title='bbox 1864 1176 1950 1244; x_wconf 87' lang='lat' dir='ltr'><strong>aqua</strong></span> 
     </span>
     <span class='ocr_line' id='line_1_7' title="bbox 243 1265 1951 1362; baseline 0.001 -22"><span class='ocrx_word' id='word_1_61' title='bbox 243 1273 393 1362; x_wconf 83' lang='lat' dir='ltr'><strong>gravior,</strong></span> <span class='ocrx_word' id='word_1_62' title='bbox 415 1268 675 1358; x_wconf 79' lang='lat' dir='ltr'><strong>crystallisabilis</strong></span> <span class='ocrx_word' id='word_1_63' title='bbox 692 1267 802 1356; x_wconf 83' lang='lat' dir='ltr'><strong>(ao).</strong></span> <span class='ocrx_word' id='word_1_64' title='bbox 842 1265 918 1336; x_wconf 87' lang='lat' dir='ltr'><strong>Hoc</strong></span> <span class='ocrx_word' id='word_1_65' title='bbox 936 1267 1139 1353; x_wconf 88' lang='lat' dir='ltr'><strong>principium</strong></span> <span class='ocrx_word' id='word_1_66' title='bbox 1162 1265 1290 1334; x_wconf 90' lang='lat' dir='ltr'><strong>videtur</strong></span> <span class='ocrx_word' id='word_1_67' title='bbox 1314 1269 1446 1336; x_wconf 89' lang='lat' dir='ltr'><strong>coelum</strong></span> <span class='ocrx_word' id='word_1_68' title='bbox 1478 1270 1684 1338; x_wconf 85' lang='lat' dir='ltr'><strong>meridionale</strong></span> <span class='ocrx_word' id='word_1_69' title='bbox 1711 1271 1871 1340; x_wconf 80' lang='lat' dir='ltr'><strong>efficacius</strong></span> <span class='ocrx_word' id='word_1_70' title='bbox 1894 1287 1951 1358; x_wconf 79' lang='lat' dir='ltr'><strong>pa‘·</strong></span> 
     </span>
     <span class='ocr_line' id='line_1_8' title="bbox 240 1381 1949 1482; baseline 0.001 -23"><span class='ocrx_word' id='word_1_71' title='bbox 240 1408 329 1472; x_wconf 88' lang='lat' dir='ltr'><strong>rare,</strong></span> <span class='ocrx_word' id='word_1_72' title='bbox 351 1407 425 1458; x_wconf 90' lang='lat' dir='ltr'><strong>cum</strong></span> <span class='ocrx_word' id='word_1_73' title='bbox 457 1383 698 1482; x_wconf 83' lang='lat' dir='ltr'><strong>bac..qualitate</strong></span> <span class='ocrx_word' id='word_1_74' title='bbox 720 1386 826 1452; x_wconf 92' lang='lat' dir='ltr'><strong>multo</strong></span> <span class='ocrx_word' id='word_1_75' title='bbox 851 1381 1020 1452; x_wconf 78' lang='lat' dir='ltr'><strong>inferiores</strong></span> <span class='ocrx_word' id='word_1_76' title='bbox 1043 1382 1111 1448; x_wconf 88' lang='lat' dir='ltr'><strong>sint</strong></span> <span class='ocrx_word' id='word_1_77' title='bbox 1131 1387 1307 1466; x_wconf 78' lang='lat' dir='ltr'><strong>papavereo</strong></span> <span class='ocrx_word' id='word_1_78' title='bbox 1329 1383 1363 1450; x_wconf 91' lang='lat' dir='ltr'><strong>in</strong></span> <span class='ocrx_word' id='word_1_79' title='bbox 1381 1399 1467 1454; x_wconf 83' lang='lat' dir='ltr'><strong>terra·</strong></span> <span class='ocrx_word' id='word_1_80' title='bbox 1485 1385 1596 1456; x_wconf 89' lang='lat' dir='ltr'><strong>minus</strong></span> <span class='ocrx_word' id='word_1_81' title='bbox 1622 1385 1730 1470; x_wconf 90' lang='lat' dir='ltr'><strong>aprica</strong></span> <span class='ocrx_word' id='word_1_82' title='bbox 1752 1402 1949 1460; x_wconf 84' lang='lat' dir='ltr'><strong>crescentes.</strong></span> 
     </span>
     <span class='ocr_line' id='line_1_9' title="bbox 244 1485 1951 1590; baseline -0.002 -14"><span class='ocrx_word' id='word_1_83' title='bbox 244 1505 315 1576; x_wconf 82' lang='lat' dir='ltr'><strong>sole</strong></span> <span class='ocrx_word' id='word_1_84' title='bbox 335 1503 469 1590; x_wconf 74' lang='lat' dir='ltr'><strong>largiori</strong></span> <span class='ocrx_word' id='word_1_85' title='bbox 492 1501 574 1572; x_wconf 90' lang='lat' dir='ltr'><strong>usis.</strong></span> <span class='ocrx_word' id='word_1_86' title='bbox 609 1499 743 1568; x_wconf 88' lang='lat' dir='ltr'><strong>Dicitur</strong></span> <span class='ocrx_word' id='word_1_87' title='bbox 760 1499 854 1576; x_wconf 84' lang='lat' dir='ltr'><strong>etiam</strong></span> <span class='ocrx_word' id='word_1_88' title='bbox 874 1485 980 1572; x_wconf 83' lang='lat' dir='ltr'><strong>inesse</strong></span> <span class='ocrx_word' id='word_1_89' title='bbox 996 1499 1060 1566; x_wconf 92' lang='lat' dir='ltr'><strong>hoc</strong></span> <span class='ocrx_word' id='word_1_90' title='bbox 1083 1498 1286 1568; x_wconf 82' lang='lat' dir='ltr'><strong>narcoticum</strong></span> <span class='ocrx_word' id='word_1_91' title='bbox 1315 1499 1461 1570; x_wconf 82' lang='lat' dir='ltr'><strong>lactucae</strong></span> <span class='ocrx_word' id='word_1_92' title='bbox 1488 1501 1616 1572; x_wconf 85' lang='lat' dir='ltr'><strong>riroaae</strong></span> <span class='ocrx_word' id='word_1_93' title='bbox 1640 1515 1673 1568; x_wconf 91' lang='lat' dir='ltr'><strong>et</strong></span> <span class='ocrx_word' id='word_1_94' title='bbox 1696 1501 1839 1585; x_wconf 70' lang='lat' dir='ltr'><strong>smivaeg</strong></span> <span class='ocrx_word' id='word_1_95' title='bbox 1868 1501 1951 1572; x_wconf 80' lang='lat' dir='ltr'><strong>inte·</strong></span> 
     </span>
     <span class='ocr_line' id='line_1_10' title="bbox 242 1611 1946 1702; baseline 0.001 -15"><span class='ocrx_word' id='word_1_96' title='bbox 242 1620 303 1687; x_wconf 87' lang='lat' dir='ltr'><strong>rim</strong></span> <span class='ocrx_word' id='word_1_97' title='bbox 331 1620 395 1688; x_wconf 91' lang='lat' dir='ltr'><strong>hoc</strong></span> <span class='ocrx_word' id='word_1_98' title='bbox 431 1615 562 1687; x_wconf 90' lang='lat' dir='ltr'><strong>nomine</strong></span> <span class='ocrx_word' id='word_1_99' title='bbox 593 1615 813 1700; x_wconf 85' lang='lat' dir='ltr'><strong>insigniuntur</strong></span> <span class='ocrx_word' id='word_1_100' title='bbox 842 1630 873 1684; x_wconf 92' lang='lat' dir='ltr'><strong>et</strong></span> <span class='ocrx_word' id='word_1_101' title='bbox 898 1615 1026 1698; x_wconf 76' lang='lat' dir='ltr'><strong>Atropa</strong></span> <span class='ocrx_word' id='word_1_102' title='bbox 1053 1611 1275 1696; x_wconf 82' lang='lat' dir='ltr'><strong>Belladonna,</strong></span> <span class='ocrx_word' id='word_1_103' title='bbox 1305 1615 1461 1702; x_wconf 83' lang='lat' dir='ltr'><strong>Digitalis</strong></span> <span class='ocrx_word' id='word_1_104' title='bbox 1488 1633 1685 1702; x_wconf 82' lang='lat' dir='ltr'><strong>prnpurer,</strong></span> <span class='ocrx_word' id='word_1_105' title='bbox 1714 1615 1946 1701; x_wconf 77' lang='lat' dir='ltr'><strong>Hyoscyamua</strong></span> 
     </span>
     <span class='ocr_line' id='line_1_11' title="bbox 244 1727 1948 1820; baseline -0.003 -17"><span class='ocrx_word' id='word_1_106' title='bbox 244 1734 359 1820; x_wconf 90' lang='lat' dir='ltr'><strong>niger,</strong></span> <span class='ocrx_word' id='word_1_107' title='bbox 383 1731 528 1802; x_wconf 85' lang='lat' dir='ltr'><strong>Conium</strong></span> <span class='ocrx_word' id='word_1_108' title='bbox 549 1731 766 1812; x_wconf 88' lang='lat' dir='ltr'><strong>maculatum,</strong></span> <span class='ocrx_word' id='word_1_109' title='bbox 788 1731 912 1797; x_wconf 89' lang='lat' dir='ltr'><strong>Datura</strong></span> <span class='ocrx_word' id='word_1_110' title='bbox 930 1729 1193 1811; x_wconf 89' lang='lat' dir='ltr'><strong>strammonium,</strong></span> <span class='ocrx_word' id='word_1_111' title='bbox 1220 1727 1346 1796; x_wconf 88' lang='lat' dir='ltr'><strong>Ledum</strong></span> <span class='ocrx_word' id='word_1_112' title='bbox 1364 1733 1527 1816; x_wconf 84' lang='lat' dir='ltr'><strong>palustre,</strong></span> <span class='ocrx_word' id='word_1_113' title='bbox 1557 1731 1731 1800; x_wconf 88' lang='lat' dir='ltr'><strong>Nicotiann</strong></span> <span class='ocrx_word' id='word_1_114' title='bbox 1755 1730 1948 1816; x_wconf 88' lang='lat' dir='ltr'><strong>Tabacum,</strong></span> 
     </span>
     <span class='ocr_line' id='line_1_12' title="bbox 241 1843 1941 1932; baseline -0.001 -15"><span class='ocrx_word' id='word_1_115' title='bbox 241 1847 680 1917; x_wconf 88' lang='lat' dir='ltr'><strong>Prunus·Lauro·eerasus.</strong></span> <span class='ocrx_word' id='word_1_116' title='bbox 712 1843 851 1910; x_wconf 86' lang='lat' dir='ltr'><strong>Videtur</strong></span> <span class='ocrx_word' id='word_1_117' title='bbox 866 1858 971 1910; x_wconf 89' lang='lat' dir='ltr'><strong>autem</strong></span> <span class='ocrx_word' id='word_1_118' title='bbox 986 1844 1132 1912; x_wconf 92' lang='lat' dir='ltr'><strong>materies</strong></span> <span class='ocrx_word' id='word_1_119' title='bbox 1149 1843 1184 1910; x_wconf 92' lang='lat' dir='ltr'><strong>irr</strong></span> <span class='ocrx_word' id='word_1_120' title='bbox 1199 1843 1340 1928; x_wconf 89' lang='lat' dir='ltr'><strong>singulis</strong></span> <span class='ocrx_word' id='word_1_121' title='bbox 1358 1849 1453 1932; x_wconf 89' lang='lat' dir='ltr'><strong>longe</strong></span> <span class='ocrx_word' id='word_1_122' title='bbox 1464 1847 1550 1912; x_wconf 86' lang='lat' dir='ltr'><strong>alius</strong></span> <span class='ocrx_word' id='word_1_123' title='bbox 1569 1863 1641 1914; x_wconf 88' lang='lat' dir='ltr'><strong>esse</strong></span> <span class='ocrx_word' id='word_1_124' title='bbox 1655 1845 1800 1928; x_wconf 76' lang='lat' dir='ltr'><strong>indolis,</strong></span> <span class='ocrx_word' id='word_1_125' title='bbox 1824 1846 1856 1912; x_wconf 93' lang='lat' dir='ltr'><strong>id</strong></span> <span class='ocrx_word' id='word_1_126' title='bbox 1873 1860 1941 1916; x_wconf 91' lang='lat' dir='ltr'><strong>tes·</strong></span> 
     </span>
     <span class='ocr_line' id='line_1_13' title="bbox 242 1956 1947 2045; baseline 0.001 -16"><span class='ocrx_word' id='word_1_127' title='bbox 242 1977 354 2030; x_wconf 84' lang='lat' dir='ltr'><strong>tantur</strong></span> <span class='ocrx_word' id='word_1_128' title='bbox 369 1957 582 2029; x_wconf 87' lang='lat' dir='ltr'><strong>diversissimi</strong></span> <span class='ocrx_word' id='word_1_129' title='bbox 601 1956 763 2040; x_wconf 80' lang='lat' dir='ltr'><strong>effectus,</strong></span> <span class='ocrx_word' id='word_1_130' title='bbox 791 1957 861 2025; x_wconf 84' lang='lat' dir='ltr'><strong>sice</strong></span> <span class='ocrx_word' id='word_1_131' title='bbox 881 1959 1008 2042; x_wconf 90' lang='lat' dir='ltr'><strong>optati,</strong></span> <span class='ocrx_word' id='word_1_132' title='bbox 1031 1956 1100 2025; x_wconf 92' lang='lat' dir='ltr'><strong>sive</strong></span> <span class='ocrx_word' id='word_1_133' title='bbox 1126 1957 1306 2041; x_wconf 85' lang='lat' dir='ltr'><strong>terribiles,</strong></span> <span class='ocrx_word' id='word_1_134' title='bbox 1331 1979 1417 2043; x_wconf 91' lang='lat' dir='ltr'><strong>quos</strong></span> <span class='ocrx_word' id='word_1_135' title='bbox 1442 1974 1692 2030; x_wconf 90' lang='lat' dir='ltr'><strong>memoratorum</strong></span> <span class='ocrx_word' id='word_1_136' title='bbox 1717 1959 1947 2045; x_wconf 86' lang='lat' dir='ltr'><strong>vegetabilium</strong></span> 
     </span>
     <span class='ocr_line' id='line_1_14' title="bbox 244 2071 1947 2160; baseline -0.002 -14"><span class='ocrx_word' id='word_1_137' title='bbox 244 2095 328 2146; x_wconf 85' lang='lat' dir='ltr'><strong>usus</strong></span> <span class='ocrx_word' id='word_1_138' title='bbox 355 2077 408 2144; x_wconf 89' lang='lat' dir='ltr'><strong>vel</strong></span> <span class='ocrx_word' id='word_1_139' title='bbox 430 2073 554 2142; x_wconf 83' lang='lat' dir='ltr'><strong>abusus</strong></span> <span class='ocrx_word' id='word_1_140' title='bbox 574 2073 676 2140; x_wconf 83' lang='lat' dir='ltr'><strong>odunt</strong></span> <span class='ocrx_word' id='word_1_141' title='bbox 700 2071 734 2138; x_wconf 92' lang='lat' dir='ltr'><strong>in</strong></span> <span class='ocrx_word' id='word_1_142' title='bbox 758 2089 881 2156; x_wconf 86' lang='lat' dir='ltr'><strong>corpus</strong></span> <span class='ocrx_word' id='word_1_143' title='bbox 906 2072 1062 2158; x_wconf 86' lang='lat' dir='ltr'><strong>animale,</strong></span> <span class='ocrx_word' id='word_1_144' title='bbox 1094 2072 1242 2141; x_wconf 86' lang='lat' dir='ltr'><strong>omnium</strong></span> <span class='ocrx_word' id='word_1_145' title='bbox 1267 2075 1604 2157; x_wconf 84' lang='lat' dir='ltr'><strong>praestantissimum,</strong></span> <span class='ocrx_word' id='word_1_146' title='bbox 1636 2075 1728 2160; x_wconf 86' lang='lat' dir='ltr'><strong>quod</strong></span> <span class='ocrx_word' id='word_1_147' title='bbox 1753 2093 1947 2160; x_wconf 82' lang='lat' dir='ltr'><strong>cognosco,</strong></span> 
     </span>
     <span class='ocr_line' id='line_1_15' title="bbox 240 2169 1950 2276; baseline 0 -18"><span class='ocrx_word' id='word_1_148' title='bbox 240 2209 385 2276; x_wconf 61' lang='lat' dir='ltr'><strong>mans.</strong></span> <span class='ocrx_word' id='word_1_149' title='bbox 429 2189 469 2256; x_wconf 92' lang='lat' dir='ltr'><strong>Iu</strong></span> <span class='ocrx_word' id='word_1_150' title='bbox 493 2201 585 2256; x_wconf 84' lang='lat' dir='ltr'><strong>tanto</strong></span> <span class='ocrx_word' id='word_1_151' title='bbox 609 2187 726 2254; x_wconf 90' lang='lat' dir='ltr'><strong>borum</strong></span> <span class='ocrx_word' id='word_1_152' title='bbox 751 2169 989 2273; x_wconf 81' lang='lat' dir='ltr'><strong>principiorum</strong></span> <span class='ocrx_word' id='word_1_153' title='bbox 1015 2186 1203 2272; x_wconf 88' lang='lat' dir='ltr'><strong>principum</strong></span> <span class='ocrx_word' id='word_1_154' title='bbox 1229 2189 1416 2256; x_wconf 87' lang='lat' dir='ltr'><strong>discrimine</strong></span> <span class='ocrx_word' id='word_1_155' title='bbox 1433 2188 1562 2266; x_wconf 85' lang='lat' dir='ltr'><strong>difficile</strong></span> <span class='ocrx_word' id='word_1_156' title='bbox 1585 2202 1635 2256; x_wconf 91' lang='lat' dir='ltr'><strong>est</strong></span> <span class='ocrx_word' id='word_1_157' title='bbox 1657 2189 1821 2275; x_wconf 88' lang='lat' dir='ltr'><strong>judicare,</strong></span> <span class='ocrx_word' id='word_1_158' title='bbox 1851 2207 1950 2273; x_wconf 89' lang='lat' dir='ltr'><strong>quac·</strong></span> 
     </span>
     <span class='ocr_line' id='line_1_16' title="bbox 147 2302 1950 2405; baseline 0.004 -38"><span class='ocrx_word' id='word_1_159' title='bbox 147 2393 153 2405; x_wconf 37' lang='grc' dir='ltr'><strong><em>Ι</em></strong></span> <span class='ocrx_word' id='word_1_160' title='bbox 240 2323 316 2390; x_wconf 68' lang='lat' dir='ltr'><strong>aar</strong></span> <span class='ocrx_word' id='word_1_161' title='bbox 337 2303 426 2389; x_wconf 75' lang='lat' dir='ltr'><strong>regio</strong></span> <span class='ocrx_word' id='word_1_162' title='bbox 448 2303 565 2386; x_wconf 83' lang='lat' dir='ltr'><strong>borum</strong></span> <span class='ocrx_word' id='word_1_163' title='bbox 584 2303 735 2390; x_wconf 79' lang='lat' dir='ltr'><strong>majorem</strong></span> <span class='ocrx_word' id='word_1_164' title='bbox 754 2303 966 2388; x_wconf 87' lang='lat' dir='ltr'><strong>quantitatem</strong></span> <span class='ocrx_word' id='word_1_165' title='bbox 989 2317 1098 2383; x_wconf 90' lang='lat' dir='ltr'><strong>creet,</strong></span> <span class='ocrx_word' id='word_1_166' title='bbox 1128 2305 1181 2373; x_wconf 88' lang='lat' dir='ltr'><strong>vel</strong></span> <span class='ocrx_word' id='word_1_167' title='bbox 1205 2303 1411 2372; x_wconf 87' lang='lat' dir='ltr'><strong>efficaciorem</strong></span> <span class='ocrx_word' id='word_1_168' title='bbox 1439 2304 1598 2387; x_wconf 71' lang='lat' dir='ltr'><strong>indolem</strong></span> <span class='ocrx_word' id='word_1_169' title='bbox 1630 2302 1830 2388; x_wconf 89' lang='lat' dir='ltr'><strong>singularum</strong></span> <span class='ocrx_word' id='word_1_170' title='bbox 1855 2305 1950 2390; x_wconf 88' lang='lat' dir='ltr'><strong>plan·</strong></span> 
     </span>
    </p>
   </div>
   <div class='ocr_carea' id='block_1_3' title="bbox 241 2417 2070 2505">
    <p class='ocr_par' dir='ltr' id='par_1_3' title="bbox 241 2417 2070 2505">
     <span class='ocr_line' id='line_1_17' title="bbox 241 2417 2070 2505; baseline -0.002 -15"><span class='ocrx_word' id='word_1_171' title='bbox 241 2433 344 2490; x_wconf 73' lang='lat' dir='ltr'><strong>mum</strong></span> <span class='ocrx_word' id='word_1_172' title='bbox 372 2432 598 2486; x_wconf 77' lang='lat' dir='ltr'><strong>smcnatartcm</strong></span> <span class='ocrx_word' id='word_1_173' title='bbox 624 2418 901 2504; x_wconf 84' lang='lat' dir='ltr'><strong>cuitus.diiigens</strong></span> <span class='ocrx_word' id='word_1_174' title='bbox 928 2419 962 2486; x_wconf 91' lang='lat' dir='ltr'><strong>in</strong></span> <span class='ocrx_word' id='word_1_175' title='bbox 978 2417 1126 2502; x_wconf 66' lang='lat' dir='ltr'><strong>⁴diversis</strong></span> <span class='ocrx_word' id='word_1_176' title='bbox 1149 2417 1338 2502; x_wconf 86' lang='lat' dir='ltr'><strong>regionibus</strong></span> <span class='ocrx_word' id='word_1_177' title='bbox 1369 2421 1432 2486; x_wconf 92' lang='lat' dir='ltr'><strong>hoc</strong></span> <span class='ocrx_word' id='word_1_178' title='bbox 1453 2418 1620 2505; x_wconf 88' lang='lat' dir='ltr'><strong>problema</strong></span> <span class='ocrx_word' id='word_1_179' title='bbox 1657 2433 1768 2503; x_wconf 89' lang='lat' dir='ltr'><strong>potest</strong></span> <span class='ocrx_word' id='word_1_180' title='bbox 1797 2420 1945 2496; x_wconf 77' lang='lat' dir='ltr'><strong>solveret</strong></span> <span class='ocrx_word' id='word_1_181' title='bbox 2067 2459 2070 2465; x_wconf 93' lang='lat'>·</span> 
     </span>
    </p>
   </div>
   <div class='ocr_carea' id='block_1_4' title="bbox 237 2531 1946 2770">
    <p class='ocr_par' dir='ltr' id='par_1_4' title="bbox 237 2531 1946 2770">
     <span class='ocr_line' id='line_1_18' title="bbox 238 2531 1946 2642; baseline 0.001 -42"><span class='ocrx_word' id='word_1_182' title='bbox 238 2531 450 2616; x_wconf 72' lang='lat' dir='ltr'><strong>opponimus</strong></span> <span class='ocrx_word' id='word_1_183' title='bbox 471 2531 621 2616; x_wconf 73' lang='lat' dir='ltr'><strong>papaveri</strong></span> <span class='ocrx_word' id='word_1_184' title='bbox 647 2532 824 2616; x_wconf 89' lang='lat' dir='ltr'><strong>Orientali,</strong></span> <span class='ocrx_word' id='word_1_185' title='bbox 846 2531 1058 2642; x_wconf 64' lang='lat' dir='ltr'><strong>Nicetiana,</strong></span> <span class='ocrx_word' id='word_1_186' title='bbox 1080 2532 1348 2616; x_wconf 82' lang='lat' dir='ltr'><strong>Hyoscyamum,</strong></span> <span class='ocrx_word' id='word_1_187' title='bbox 1370 2533 1620 2620; x_wconf 69' lang='lat' dir='ltr'><strong>Belladannamg</strong></span> <span class='ocrx_word' id='word_1_188' title='bbox 1646 2531 1833 2606; x_wconf 74' lang='lat' dir='ltr'><strong>borealibus</strong></span> <span class='ocrx_word' id='word_1_189' title='bbox 1853 2533 1946 2610; x_wconf 76' lang='lat' dir='ltr'><strong>terrie</strong></span> 
     </span>
     <span class='ocr_line' id='line_1_19' title="bbox 237 2645 1355 2770; baseline -0.001 -51"><span class='ocrx_word' id='word_1_190' title='bbox 237 2647 278 2720; x_wconf 71' lang='lat' dir='ltr'><strong>ri</strong></span> <span class='ocrx_word' id='word_1_191' title='bbox 295 2659 451 2718; x_wconf 74' lang='lat' dir='ltr'><strong>voremus</strong></span> <span class='ocrx_word' id='word_1_192' title='bbox 463 2646 558 2722; x_wconf 48' lang='lat' dir='ltr'><strong>,baud</strong></span> <span class='ocrx_word' id='word_1_193' title='bbox 572 2646 699 2729; x_wconf 80' lang='lat' dir='ltr'><strong>difficile</strong></span> <span class='ocrx_word' id='word_1_194' title='bbox 719 2649 858 2734; x_wconf 83' lang='lat' dir='ltr'><strong>palmam</strong></span> <span class='ocrx_word' id='word_1_195' title='bbox 882 2647 1084 2736; x_wconf 86' lang='lat' dir='ltr'><strong>praeripiunt</strong></span> <span class='ocrx_word' id='word_1_196' title='bbox 1102 2645 1355 2770; x_wconf 70' lang='lat' dir='ltr'><strong>Meridionales.</strong></span> 
     </span>
    </p>
   </div>
   <div class='ocr_carea' id='block_1_5' title="bbox 990 2875 1055 2962">
    <p class='ocr_par' dir='ltr' id='par_1_5' title="bbox 990 2875 1163 2962">
     <span class='ocr_line' id='line_1_20' title="bbox 990 2875 1055 2962; baseline 0 -43"><span class='ocrx_word' id='word_1_197' title='bbox 990 2875 1055 2962; x_wconf 67' lang='lat'><strong>.,</strong></span> 
     </span>
    </p>
   </div>
   <div class='ocr_carea' id='block_1_6' title="bbox 237 3101 2027 4226">
    <p class='ocr_par' dir='ltr' id='par_1_6' title="bbox 237 3101 2027 4226">
     <span class='ocr_line' id='line_1_21' title="bbox 284 3101 2027 3192; baseline 0.001 -16"><span class='ocrx_word' id='word_1_198' title='bbox 284 3105 438 3176; x_wconf 76' lang='lat' dir='ltr'><strong>Materies</strong></span> <span class='ocrx_word' id='word_1_199' title='bbox 468 3105 787 3192; x_wconf 81' lang='lat' dir='ltr'><strong>vegeto-animales,</strong></span> <span class='ocrx_word' id='word_1_200' title='bbox 819 3115 952 3172; x_wconf 80' lang='lat' dir='ltr'><strong>azotum</strong></span> <span class='ocrx_word' id='word_1_201' title='bbox 979 3101 1207 3182; x_wconf 81' lang='lat' dir='ltr'><strong>continentes,</strong></span> <span class='ocrx_word' id='word_1_202' title='bbox 1239 3115 1354 3186; x_wconf 87' lang='lat' dir='ltr'><strong>pamnt</strong></span> <span class='ocrx_word' id='word_1_203' title='bbox 1386 3103 1515 3186; x_wconf 89' lang='lat' dir='ltr'><strong>plantae</strong></span> <span class='ocrx_word' id='word_1_204' title='bbox 1544 3101 1773 3189; x_wconf 85' lang='lat' dir='ltr'><strong>cujuscunque</strong></span> <span class='ocrx_word' id='word_1_205' title='bbox 1803 3103 1944 3190; x_wconf 80' lang='lat' dir='ltr'><strong>regionis</strong></span> <span class='ocrx_word' id='word_1_206' title='bbox 2019 3161 2027 3178; x_wconf 81' lang='grc'><em>,</em></span> 
     </span>
     <span class='ocr_line' id='line_1_22' title="bbox 239 3213 1941 3310; baseline -0.002 -20"><span class='ocrx_word' id='word_1_207' title='bbox 239 3219 378 3291; x_wconf 84' lang='lat' dir='ltr'><strong>incolae.</strong></span> <span class='ocrx_word' id='word_1_208' title='bbox 417 3219 717 3310; x_wconf 27' lang='lat' dir='ltr'><strong>Constatufamilias</strong></span> <span class='ocrx_word' id='word_1_209' title='bbox 740 3223 922 3306; x_wconf 86' lang='lat' dir='ltr'><strong>plantarum</strong></span> <span class='ocrx_word' id='word_1_210' title='bbox 949 3213 1146 3300; x_wconf 89' lang='lat' dir='ltr'><strong>iuridarum,</strong></span> <span class='ocrx_word' id='word_1_211' title='bbox 1176 3213 1297 3298; x_wconf 90' lang='lat' dir='ltr'><strong>ubique</strong></span> <span class='ocrx_word' id='word_1_212' title='bbox 1313 3215 1549 3300; x_wconf 86' lang='lat' dir='ltr'><strong>habitantium,</strong></span> <span class='ocrx_word' id='word_1_213' title='bbox 1570 3239 1655 3304; x_wconf 86' lang='lat' dir='ltr'><strong>prae</strong></span> <span class='ocrx_word' id='word_1_214' title='bbox 1676 3219 1817 3303; x_wconf 81' lang='lat' dir='ltr'><strong>reliquis</strong></span> <span class='ocrx_word' id='word_1_215' title='bbox 1841 3233 1941 3286; x_wconf 88' lang='lat' dir='ltr'><strong>azoto</strong></span> 
     </span>
     <span class='ocr_line' id='line_1_23' title="bbox 240 3331 1946 3424; baseline -0.002 -20"><span class='ocrx_word' id='word_1_216' title='bbox 240 3355 314 3404; x_wconf 88' lang='lat' dir='ltr'><strong>csse</strong></span> <span class='ocrx_word' id='word_1_217' title='bbox 331 3335 473 3424; x_wconf 67' lang='lat' dir='ltr'><strong>divincta</strong></span> <span class='ocrx_word' id='word_1_218' title='bbox 495 3335 656 3420; x_wconf 88' lang='lat' dir='ltr'><strong>imprimis</strong></span> <span class='ocrx_word' id='word_1_219' title='bbox 679 3335 920 3404; x_wconf 84' lang='lat' dir='ltr'><strong>memorandum</strong></span> <span class='ocrx_word' id='word_1_220' title='bbox 941 3345 989 3400; x_wconf 91' lang='lat' dir='ltr'><strong>est</strong></span> <span class='ocrx_word' id='word_1_221' title='bbox 1010 3331 1150 3416; x_wconf 87' lang='lat' dir='ltr'><strong>glutem,</strong></span> <span class='ocrx_word' id='word_1_222' title='bbox 1174 3346 1317 3398; x_wconf 81' lang='lat' dir='ltr'><strong>tenacem</strong></span> <span class='ocrx_word' id='word_1_223' title='bbox 1333 3333 1495 3402; x_wconf 87' lang='lat' dir='ltr'><strong>clasticam</strong></span> <span class='ocrx_word' id='word_1_224' title='bbox 1511 3336 1693 3418; x_wconf 87' lang='lat' dir='ltr'><strong>materiem,</strong></span> <span class='ocrx_word' id='word_1_225' title='bbox 1717 3333 1865 3420; x_wconf 87' lang='lat' dir='ltr'><strong>panariae</strong></span> <span class='ocrx_word' id='word_1_226' title='bbox 1881 3333 1946 3400; x_wconf 83' lang='lat' dir='ltr'><strong>fcr-</strong></span> 
     </span>
     <span class='ocr_line' id='line_1_24' title="bbox 239 3443 1945 3535; baseline -0.002 -15"><span class='ocrx_word' id='word_1_227' title='bbox 239 3451 447 3520; x_wconf 86' lang='lat' dir='ltr'><strong>merttationis</strong></span> <span class='ocrx_word' id='word_1_228' title='bbox 470 3451 612 3535; x_wconf 90' lang='lat' dir='ltr'><strong>primum</strong></span> <span class='ocrx_word' id='word_1_229' title='bbox 631 3455 827 3534; x_wconf 52' lang='lat' dir='ltr'><strong>:auctorem</strong></span> <span class='ocrx_word' id='word_1_230' title='bbox 857 3446 1047 3514; x_wconf 82' lang='lat' dir='ltr'><strong>uberrimam</strong></span> <span class='ocrx_word' id='word_1_231' title='bbox 1073 3443 1232 3522; x_wconf 84' lang='lat' dir='ltr'><strong>contineri</strong></span> <span class='ocrx_word' id='word_1_232' title='bbox 1261 3445 1296 3514; x_wconf 90' lang='lat' dir='ltr'><strong>in</strong></span> <span class='ocrx_word' id='word_1_233' title='bbox 1321 3446 1536 3532; x_wconf 84' lang='lat' dir='ltr'><strong>Cerealibus,</strong></span> <span class='ocrx_word' id='word_1_234' title='bbox 1558 3450 1689 3534; x_wconf 88' lang='lat' dir='ltr'><strong>tritico,</strong></span> <span class='ocrx_word' id='word_1_235' title='bbox 1720 3449 1837 3532; x_wconf 90' lang='lat' dir='ltr'><strong>secali,</strong></span> <span class='ocrx_word' id='word_1_236' title='bbox 1870 3449 1945 3516; x_wconf 86' lang='lat' dir='ltr'><strong>ubi-</strong></span> 
     </span>
     <span class='ocr_line' id='line_1_25' title="bbox 237 3561 1946 3650; baseline -0.006 -11"><span class='ocrx_word' id='word_1_237' title='bbox 237 3569 291 3639; x_wconf 83' lang='lat' dir='ltr'><strong>vis</strong></span> <span class='ocrx_word' id='word_1_238' title='bbox 317 3582 469 3632; x_wconf 86' lang='lat' dir='ltr'><strong>terrarum</strong></span> <span class='ocrx_word' id='word_1_239' title='bbox 493 3565 662 3634; x_wconf 82' lang='lat' dir='ltr'><strong>luxuriose</strong></span> <span class='ocrx_word' id='word_1_240' title='bbox 684 3565 785 3632; x_wconf 91' lang='lat' dir='ltr'><strong>cultis</strong></span> <span class='ocrx_word' id='word_1_241' title='bbox 808 3564 921 3650; x_wconf 72' lang='lat' dir='ltr'><strong>(ar),</strong></span> <span class='ocrx_word' id='word_1_242' title='bbox 953 3561 1146 3628; x_wconf 87' lang='lat' dir='ltr'><strong>invenerunt</strong></span> <span class='ocrx_word' id='word_1_243' title='bbox 1178 3579 1256 3629; x_wconf 90' lang='lat' dir='ltr'><strong>vero</strong></span> <span class='ocrx_word' id='word_1_244' title='bbox 1283 3563 1365 3628; x_wconf 89' lang='lat' dir='ltr'><strong>banc</strong></span> <span class='ocrx_word' id='word_1_245' title='bbox 1391 3565 1589 3648; x_wconf 80' lang='lat' dir='ltr'><strong>glutinosam</strong></span> <span class='ocrx_word' id='word_1_246' title='bbox 1616 3565 1777 3633; x_wconf 87' lang='lat' dir='ltr'><strong>materiem</strong></span> <span class='ocrx_word' id='word_1_247' title='bbox 1805 3563 1838 3632; x_wconf 93' lang='lat' dir='ltr'><strong>in</strong></span> <span class='ocrx_word' id='word_1_248' title='bbox 1861 3565 1946 3630; x_wconf 90' lang='lat' dir='ltr'><strong>mul·</strong></span> 
     </span>
     <span class='ocr_line' id='line_1_26' title="bbox 239 3671 1946 3761; baseline 0 -13"><span class='ocrx_word' id='word_1_249' title='bbox 239 3680 283 3756; x_wconf 74' lang='lat' dir='ltr'><strong>tie</strong></span> <span class='ocrx_word' id='word_1_250' title='bbox 312 3681 451 3753; x_wconf 78' lang='lat' dir='ltr'><strong>floribus·</strong></span> <span class='ocrx_word' id='word_1_251' title='bbox 471 3693 504 3748; x_wconf 87' lang='lat' dir='ltr'><strong>et</strong></span> <span class='ocrx_word' id='word_1_252' title='bbox 519 3678 687 3750; x_wconf 87' lang='lat' dir='ltr'><strong>frucn&#39;bus</strong></span> <span class='ocrx_word' id='word_1_253' title='bbox 709 3681 895 3760; x_wconf 69' lang='lat' dir='ltr'><strong>Panaetius,</strong></span> <span class='ocrx_word' id='word_1_254' title='bbox 917 3671 1070 3744; x_wconf 76' lang='lat' dir='ltr'><strong>Fabronl</strong></span> <span class='ocrx_word' id='word_1_255' title='bbox 1086 3689 1118 3742; x_wconf 89' lang='lat' dir='ltr'><strong>et</strong></span> <span class='ocrx_word' id='word_1_256' title='bbox 1142 3673 1315 3760; x_wconf 77' lang='lat' dir='ltr'><strong>Thenard;</strong></span> <span class='ocrx_word' id='word_1_257' title='bbox 1346 3677 1427 3761; x_wconf 90' lang='lat' dir='ltr'><strong>quin</strong></span> <span class='ocrx_word' id='word_1_258' title='bbox 1459 3679 1492 3746; x_wconf 92' lang='lat' dir='ltr'><strong>in</strong></span> <span class='ocrx_word' id='word_1_259' title='bbox 1514 3678 1669 3749; x_wconf 89' lang='lat' dir='ltr'><strong>omnibus</strong></span> <span class='ocrx_word' id='word_1_260' title='bbox 1696 3678 1793 3752; x_wconf 86' lang='lat' dir='ltr'><strong>foliis</strong></span> <span class='ocrx_word' id='word_1_261' title='bbox 1818 3699 1885 3746; x_wconf 89' lang='lat' dir='ltr'><strong>eam</strong></span> <span class='ocrx_word' id='word_1_262' title='bbox 1911 3695 1946 3748; x_wconf 88' lang='lat' dir='ltr'><strong>se</strong></span> 
     </span>
     <span class='ocr_line' id='line_1_27' title="bbox 241 3787 1948 3884; baseline 0.002 -26"><span class='ocrx_word' id='word_1_263' title='bbox 241 3792 404 3884; x_wconf 60' lang='lat' dir='ltr'><strong>iuvenbse</strong></span> <span class='ocrx_word' id='word_1_264' title='bbox 426 3796 559 3879; x_wconf 78' lang='lat' dir='ltr'><strong>affirmat</strong></span> <span class='ocrx_word' id='word_1_265' title='bbox 584 3795 814 3864; x_wconf 81' lang='lat' dir='ltr'><strong>meritissimus</strong></span> <span class='ocrx_word' id='word_1_266' title='bbox 836 3789 987 3859; x_wconf 77' lang='lat' dir='ltr'><strong>Rooelle.</strong></span> <span class='ocrx_word' id='word_1_267' title='bbox 1028 3790 1188 3858; x_wconf 79' lang='lat' dir='ltr'><strong>Praeterea</strong></span> <span class='ocrx_word' id='word_1_268' title='bbox 1206 3791 1349 3874; x_wconf 76' lang='lat' dir='ltr'><strong>expressi</strong></span> <span class='ocrx_word' id='word_1_269' title='bbox 1373 3790 1518 3876; x_wconf 81' lang='lat' dir='ltr'><strong>liquores</strong></span> <span class='ocrx_word' id='word_1_270' title='bbox 1530 3787 1555 3860; x_wconf 84' lang='lat' dir='ltr'><strong>&#39;e</strong></span> <span class='ocrx_word' id='word_1_271' title='bbox 1571 3795 1718 3876; x_wconf 88' lang='lat' dir='ltr'><strong>crambe,</strong></span> <span class='ocrx_word' id='word_1_272' title='bbox 1734 3793 1948 3882; x_wconf 87' lang='lat' dir='ltr'><strong>cochlearia,</strong></span> 
     </span>
     <span class='ocr_line' id='line_1_28' title="bbox 241 3891 1948 3994; baseline 0.005 -25"><span class='ocrx_word' id='word_1_273' title='bbox 241 3905 427 3990; x_wconf 80' lang='lat' dir='ltr'><strong>sambuco,</strong></span> <span class='ocrx_word' id='word_1_274' title='bbox 456 3891 599 3978; x_wconf 85' lang='lat' dir='ltr'><strong>Cetraria</strong></span> <span class='ocrx_word' id='word_1_275' title='bbox 622 3911 798 3992; x_wconf 88' lang='lat' dir='ltr'><strong>islandica,</strong></span> <span class='ocrx_word' id='word_1_276' title='bbox 825 3906 1005 3989; x_wconf 84' lang='lat' dir='ltr'><strong>multisque</strong></span> <span class='ocrx_word' id='word_1_277' title='bbox 1018 3906 1122 3988; x_wconf 79' lang='lat' dir='ltr'><strong>aliis,</strong></span> <span class='ocrx_word' id='word_1_278' title='bbox 1139 3907 1180 3972; x_wconf 89' lang='lat' dir='ltr'><strong>ad</strong></span> <span class='ocrx_word' id='word_1_279' title='bbox 1200 3906 1337 3972; x_wconf 89' lang='lat' dir='ltr'><strong>fundum</strong></span> <span class='ocrx_word' id='word_1_280' title='bbox 1360 3907 1550 3991; x_wconf 85' lang='lat' dir='ltr'><strong>dimittunt,</strong></span> <span class='ocrx_word' id='word_1_281' title='bbox 1583 3909 1611 3976; x_wconf 93' lang='lat' dir='ltr'><strong>si</strong></span> <span class='ocrx_word' id='word_1_282' title='bbox 1630 3909 1818 3994; x_wconf 86' lang='lat' dir='ltr'><strong>quiescant,</strong></span> <span class='ocrx_word' id='word_1_283' title='bbox 1850 3926 1948 3978; x_wconf 84' lang='lat' dir='ltr'><strong>utute·</strong></span> 
     </span>
     <span class='ocr_line' id='line_1_29' title="bbox 241 4019 1943 4110; baseline 0.002 -24"><span class='ocrx_word' id='word_1_284' title='bbox 241 4020 318 4086; x_wconf 87' lang='lat' dir='ltr'><strong>tiam</strong></span> <span class='ocrx_word' id='word_1_285' title='bbox 339 4021 561 4107; x_wconf 84' lang='lat' dir='ltr'><strong>singularem,</strong></span> <span class='ocrx_word' id='word_1_286' title='bbox 592 4024 750 4110; x_wconf 78' lang='lat' dir='ltr'><strong>foecuigm</strong></span> <span class='ocrx_word' id='word_1_287' title='bbox 784 4024 915 4090; x_wconf 86' lang='lat' dir='ltr'><strong>viridem</strong></span> <span class='ocrx_word' id='word_1_288' title='bbox 934 4019 1077 4102; x_wconf 78' lang='lat' dir='ltr'><strong>dictam3</strong></span> <span class='ocrx_word' id='word_1_289' title='bbox 1112 4021 1188 4086; x_wconf 86' lang='lat' dir='ltr'><strong>baec</strong></span> <span class='ocrx_word' id='word_1_290' title='bbox 1215 4041 1292 4088; x_wconf 86' lang='lat' dir='ltr'><strong>vcro</strong></span> <span class='ocrx_word' id='word_1_291' title='bbox 1320 4021 1468 4090; x_wconf 86' lang='lat' dir='ltr'><strong>continet</strong></span> <span class='ocrx_word' id='word_1_292' title='bbox 1502 4039 1624 4108; x_wconf 89' lang='lat' dir='ltr'><strong>praeter</strong></span> <span class='ocrx_word' id='word_1_293' title='bbox 1652 4025 1789 4092; x_wconf 88' lang='lat' dir='ltr'><strong>fibrosas</strong></span> <span class='ocrx_word' id='word_1_294' title='bbox 1817 4039 1943 4108; x_wconf 76' lang='lat' dir='ltr'><strong>partes,</strong></span> 
     </span>
     <span class='ocr_line' id='line_1_30' title="bbox 240 4133 1943 4226; baseline 0.002 -26"><span class='ocrx_word' id='word_1_295' title='bbox 240 4151 272 4200; x_wconf 89' lang='lat' dir='ltr'><strong>et</strong></span> <span class='ocrx_word' id='word_1_296' title='bbox 297 4135 472 4202; x_wconf 89' lang='lat' dir='ltr'><strong>resinosam</strong></span> <span class='ocrx_word' id='word_1_297' title='bbox 500 4140 660 4205; x_wconf 89' lang='lat' dir='ltr'><strong>materiem</strong></span> <span class='ocrx_word' id='word_1_298' title='bbox 685 4138 780 4206; x_wconf 85' lang='lat' dir='ltr'><strong>viridi</strong></span> <span class='ocrx_word' id='word_1_299' title='bbox 804 4138 937 4204; x_wconf 80' lang='lat' dir='ltr'><strong>amttam</strong></span> <span class='ocrx_word' id='word_1_300' title='bbox 956 4134 1111 4218; x_wconf 87' lang='lat' dir='ltr'><strong>omnique</strong></span> <span class='ocrx_word' id='word_1_301' title='bbox 1142 4133 1287 4202; x_wconf 87' lang='lat' dir='ltr'><strong>foeculae</strong></span> <span class='ocrx_word' id='word_1_302' title='bbox 1307 4135 1444 4204; x_wconf 90' lang='lat' dir='ltr'><strong>virorem</strong></span> <span class='ocrx_word' id='word_1_303' title='bbox 1465 4137 1721 4222; x_wconf 81' lang='lat' dir='ltr'><strong>impertientem,</strong></span> <span class='ocrx_word' id='word_1_304' title='bbox 1744 4140 1943 4226; x_wconf 88' lang='lat' dir='ltr'><strong>glutinosam</strong></span> 
     </span>
    </p>
   </div>
   <div class='ocr_carea' id='block_1_7' title="bbox 241 4251 1946 4412">
    <p class='ocr_par' dir='ltr' id='par_1_7' title="bbox 241 4251 1946 4412">
     <span class='ocr_line' id='line_1_31' title="bbox 241 4251 1946 4412; baseline -0.001 -92"><span class='ocrx_word' id='word_1_305' title='bbox 241 4251 454 4320; x_wconf 68' lang='lat' dir='ltr'><strong>substantiam</strong></span> <span class='ocrx_word' id='word_1_306' title='bbox 477 4252 590 4337; x_wconf 86' lang='lat' dir='ltr'><strong>(aa).</strong></span> <span class='ocrx_word' id='word_1_307' title='bbox 1884 4340 1946 4412; x_wconf 55' lang='lat' dir='ltr'><strong>Ab</strong></span> 
     </span>
    </p>
   </div>
   <div class='ocr_carea' id='block_1_8' title="bbox 268 4476 1713 4728">
    <p class='ocr_par' dir='ltr' id='par_1_8' title="bbox 268 4476 1713 4728">
     <span class='ocr_line' id='line_1_32' title="bbox 268 4476 1266 4558; baseline 0.002 -30"><span class='ocrx_word' id='word_1_308' title='bbox 268 4476 347 4543; x_wconf 69' lang='grc' dir='ltr'><strong>(ω)</strong></span> <span class='ocrx_word' id='word_1_309' title='bbox 363 4479 452 4529; x_wconf 70' lang='lat' dir='ltr'><strong>mant.</strong></span> <span class='ocrx_word' id='word_1_310' title='bbox 466 4477 499 4531; x_wconf 78' lang='lat' dir='ltr'><strong>l.</strong></span> <span class='ocrx_word' id='word_1_311' title='bbox 519 4479 550 4529; x_wconf 77' lang='lat' dir='ltr'><strong>L·</strong></span> <span class='ocrx_word' id='word_1_312' title='bbox 569 4495 595 4545; x_wconf 84' lang='lat' dir='ltr'><strong>p.</strong></span> <span class='ocrx_word' id='word_1_313' title='bbox 612 4489 665 4540; x_wconf 73' lang='lat' dir='ltr'><strong>m.</strong></span> <span class='ocrx_word' id='word_1_314' title='bbox 700 4479 849 4532; x_wconf 61' lang='lat' dir='ltr'><strong>homil..</strong></span> <span class='ocrx_word' id='word_1_315' title='bbox 867 4481 899 4556; x_wconf 69' lang='lat' dir='ltr'><strong>i).</strong></span> <span class='ocrx_word' id='word_1_316' title='bbox 918 4497 944 4546; x_wconf 86' lang='lat' dir='ltr'><strong>p.</strong></span> <span class='ocrx_word' id='word_1_317' title='bbox 961 4494 1019 4544; x_wconf 74' lang='lat'><strong>250·</strong></span> <span class='ocrx_word' id='word_1_318' title='bbox 1053 4479 1158 4536; x_wconf 67' lang='lat' dir='ltr'><strong>Grindci.</strong></span> <span class='ocrx_word' id='word_1_319' title='bbox 1177 4494 1202 4542; x_wconf 87' lang='lat' dir='ltr'><strong>p.</strong></span> <span class='ocrx_word' id='word_1_320' title='bbox 1216 4491 1266 4558; x_wconf 62' lang='lat' dir='ltr'><strong>gl.¹</strong></span> 
     </span>
     <span class='ocr_line' id='line_1_33' title="bbox 268 4565 1713 4728; baseline 0.006 -107"><span class='ocrx_word' id='word_1_321' title='bbox 268 4565 343 4725; x_wconf 54' lang='lat'><strong>{2}</strong></span> <span class='ocrx_word' id='word_1_322' title='bbox 360 4569 540 4716; x_wconf 46' lang='lat'><strong>3:⁸15?</strong></span> <span class='ocrx_word' id='word_1_323' title='bbox 558 4587 584 4728; x_wconf 55' lang='grc' dir='ltr'><strong>ἱ.</strong></span> <span class='ocrx_word' id='word_1_324' title='bbox 601 4583 655 4723; x_wconf 49' lang='lat'><strong>1¹23</strong></span> <span class='ocrx_word' id='word_1_325' title='bbox 671 4585 696 4624; x_wconf 85' lang='lat' dir='ltr'><strong>ct</strong></span> <span class='ocrx_word' id='word_1_326' title='bbox 711 4585 756 4624; x_wconf 76' lang='lat' dir='ltr'><strong>ssa</strong></span> <span class='ocrx_word' id='word_1_327' title='bbox 770 4573 896 4639; x_wconf 72' lang='lat' dir='ltr'><strong>umus,</strong></span> <span class='ocrx_word' id='word_1_328' title='bbox 910 4587 965 4630; x_wconf 75' lang='lat' dir='ltr'><strong>rm</strong></span> <span class='ocrx_word' id='word_1_329' title='bbox 975 4575 1003 4628; x_wconf 73' lang='lat' dir='ltr'><strong>dr</strong></span> <span class='ocrx_word' id='word_1_330' title='bbox 1015 4573 1197 4639; x_wconf 55' lang='lat' dir='ltr'><strong>bragbant,</strong></span> <span class='ocrx_word' id='word_1_331' title='bbox 1215 4589 1243 4640; x_wconf 86' lang='lat' dir='ltr'><strong>p.</strong></span> <span class='ocrx_word' id='word_1_332' title='bbox 1254 4585 1287 4638; x_wconf 81' lang='lat'><strong>⁴³</strong></span> <span class='ocrx_word' id='word_1_333' title='bbox 1302 4585 1358 4640; x_wconf 82' lang='lat' dir='ltr'><strong>req·</strong></span> <span class='ocrx_word' id='word_1_334' title='bbox 1393 4575 1506 4628; x_wconf 71' lang='lat' dir='ltr'><strong>weard.</strong></span> <span class='ocrx_word' id='word_1_335' title='bbox 1522 4573 1553 4628; x_wconf 80' lang='lat' dir='ltr'><strong>l.</strong></span> <span class='ocrx_word' id='word_1_336' title='bbox 1568 4577 1598 4628; x_wconf 81' lang='lat'><strong>1..</strong></span> <span class='ocrx_word' id='word_1_337' title='bbox 1615 4591 1642 4642; x_wconf 84' lang='lat' dir='ltr'><strong>p.</strong></span> <span class='ocrx_word' id='word_1_338' title='bbox 1657 4581 1713 4640; x_wconf 72' lang='lat' dir='ltr'><strong>sal.</strong></span> 
     </span>
    </p>
   </div>
   <div class='ocr_carea' id='block_1_9' title="bbox 0 0 2476 6007">
    <p class='ocr_par' dir='ltr' id='par_1_9' title="bbox 0 0 2476 6007">
     <span class='ocr_line' id='line_1_34' title="bbox 0 0 2476 6007; baseline 0 0"><span class='ocrx_word' id='word_1_339' title='bbox 0 0 2476 6007; x_wconf 95' lang='lat' dir='ltr'><strong> </strong></span> 
     </span>
    </p>
   </div>
  </div>
 </body>
</html>
