<?xml version="1.0" encoding="UTF-8"?>
<!DOCTYPE html PUBLIC "-//W3C//DTD XHTML 1.0 Transitional//EN"
    "http://www.w3.org/TR/xhtml1/DTD/xhtml1-transitional.dtd">
<html xmlns="http://www.w3.org/1999/xhtml" xml:lang="en" lang="en">
 <head>
  <title>
</title>
<meta http-equiv="Content-Type" content="text/html;charset=utf-8" />
  <meta name='ocr-system' content='tesseract 3.04.00' />
  <meta name='ocr-capabilities' content='ocr_page ocr_carea ocr_par ocr_line ocrx_word'/>
</head>
<body>
  <div class='ocr_page' id='page_1' title='image "./commentatiodevi00mescgoog_0016.png"; bbox 0 0 4944 6010; ppageno 0'>
   <div class='ocr_carea' id='block_1_1' title="bbox 616 546 1994 686">
    <p class='ocr_par' dir='ltr' id='par_1_1' title="bbox 616 546 1994 686">
     <span class='ocr_line' id='line_1_1' title="bbox 616 546 1994 686; baseline -0.001 -22"><span class='ocrx_word' id='word_1_1' title='bbox 616 546 1207 664; x_wconf 80' lang='lat' dir='ltr'>costusurauro</span> <span class='ocrx_word' id='word_1_2' title='bbox 1279 578 1648 663; x_wconf 66' lang='lat' dir='ltr'>cunutus„</span> <span class='ocrx_word' id='word_1_3' title='bbox 1966 603 1994 686; x_wconf 74' lang='lat' dir='ltr'>q</span> 
     </span>
    </p>
   </div>
   <div class='ocr_carea' id='block_1_2' title="bbox 270 778 2053 2826">
    <p class='ocr_par' dir='ltr' id='par_1_2' title="bbox 270 778 2053 2826">
     <span class='ocr_line' id='line_1_2' title="bbox 278 778 1988 896; baseline -0.009 -32"><span class='ocrx_word' id='word_1_4' title='bbox 278 801 369 865; x_wconf 82' lang='lat' dir='ltr'>cesse</span> <span class='ocrx_word' id='word_1_5' title='bbox 394 805 467 858; x_wconf 89' lang='lat' dir='ltr'>esse</span> <span class='ocrx_word' id='word_1_6' title='bbox 492 799 671 870; x_wconf 89' lang='lat' dir='ltr'>sequatur,</span> <span class='ocrx_word' id='word_1_7' title='bbox 702 783 792 867; x_wconf 89' lang='lat' dir='ltr'>quod</span> <span class='ocrx_word' id='word_1_8' title='bbox 816 793 939 848; x_wconf 89' lang='lat' dir='ltr'>caetera</span> <span class='ocrx_word' id='word_1_9' title='bbox 960 796 1119 862; x_wconf 86' lang='lat' dir='ltr'>corpora,</span> <span class='ocrx_word' id='word_1_10' title='bbox 1151 779 1292 860; x_wconf 88' lang='lat' dir='ltr'>quaein</span> <span class='ocrx_word' id='word_1_11' title='bbox 1318 781 1446 864; x_wconf 88' lang='lat' dir='ltr'>plantas</span> <span class='ocrx_word' id='word_1_12' title='bbox 1469 780 1610 865; x_wconf 85' lang='lat' dir='ltr'><strong>aliquam</strong></span> <span class='ocrx_word' id='word_1_13' title='bbox 1634 778 1701 845; x_wconf 89' lang='lat' dir='ltr'>vim</span> <span class='ocrx_word' id='word_1_14' title='bbox 1726 791 1988 896; x_wconf 33' lang='lat' dir='ltr'>exerceantzpa·</span> 
     </span>
     <span class='ocr_line' id='line_1_3' title="bbox 276 891 1984 988; baseline -0.009 -10"><span class='ocrx_word' id='word_1_15' title='bbox 276 912 355 978; x_wconf 87' lang='lat' dir='ltr'>riter</span> <span class='ocrx_word' id='word_1_16' title='bbox 378 903 519 976; x_wconf 78' lang='lat' dir='ltr'>chemise</span> <span class='ocrx_word' id='word_1_17' title='bbox 545 920 659 988; x_wconf 89' lang='lat' dir='ltr'>agere,</span> <span class='ocrx_word' id='word_1_18' title='bbox 691 899 925 968; x_wconf 80' lang='lat' dir='ltr'>concludatur:</span> <span class='ocrx_word' id='word_1_19' title='bbox 949 895 1061 968; x_wconf 89' lang='lat' dir='ltr'>nescio</span> <span class='ocrx_word' id='word_1_20' title='bbox 1084 891 1168 981; x_wconf 89' lang='lat' dir='ltr'>enim</span> <span class='ocrx_word' id='word_1_21' title='bbox 1193 912 1353 976; x_wconf 89' lang='lat' dir='ltr'>causam,</span> <span class='ocrx_word' id='word_1_22' title='bbox 1381 911 1463 977; x_wconf 90' lang='lat' dir='ltr'>cur,</span> <span class='ocrx_word' id='word_1_23' title='bbox 1493 893 1628 978; x_wconf 90' lang='lat' dir='ltr'>reliquis</span> <span class='ocrx_word' id='word_1_24' title='bbox 1650 894 1791 961; x_wconf 85' lang='lat' dir='ltr'>materiis</span> <span class='ocrx_word' id='word_1_25' title='bbox 1816 895 1984 978; x_wconf 88' lang='lat' dir='ltr'>exceptis,</span> 
     </span>
     <span class='ocr_line' id='line_1_4' title="bbox 273 1009 1986 1106; baseline -0.008 -16"><span class='ocrx_word' id='word_1_26' title='bbox 273 1023 368 1090; x_wconf 87' lang='lat' dir='ltr'>istud</span> <span class='ocrx_word' id='word_1_27' title='bbox 399 1021 454 1106; x_wconf 87' lang='lat' dir='ltr'>jus</span> <span class='ocrx_word' id='word_1_28' title='bbox 488 1017 583 1085; x_wconf 91' lang='lat' dir='ltr'>unice</span> <span class='ocrx_word' id='word_1_29' title='bbox 617 1015 685 1083; x_wconf 89' lang='lat' dir='ltr'>luci</span> <span class='ocrx_word' id='word_1_30' title='bbox 712 1014 925 1083; x_wconf 72' lang='lat' dir='ltr'><strong>adscribatur.</strong></span> <span class='ocrx_word' id='word_1_31' title='bbox 977 1011 1027 1094; x_wconf 83' lang='lat' dir='ltr'>Ita</span> <span class='ocrx_word' id='word_1_32' title='bbox 1051 1029 1129 1076; x_wconf 89' lang='lat' dir='ltr'>vero</span> <span class='ocrx_word' id='word_1_33' title='bbox 1152 1021 1302 1092; x_wconf 90' lang='lat' dir='ltr'>apparet,</span> <span class='ocrx_word' id='word_1_34' title='bbox 1326 1009 1381 1074; x_wconf 89' lang='lat' dir='ltr'>hlc</span> <span class='ocrx_word' id='word_1_35' title='bbox 1406 1027 1533 1093; x_wconf 90' lang='lat' dir='ltr'>gravem</span> <span class='ocrx_word' id='word_1_36' title='bbox 1557 1025 1589 1076; x_wconf 91' lang='lat' dir='ltr'>ct</span> <span class='ocrx_word' id='word_1_37' title='bbox 1620 1010 1779 1077; x_wconf 86' lang='lat' dir='ltr'>difficilem</span> <span class='ocrx_word' id='word_1_38' title='bbox 1814 1028 1986 1096; x_wconf 83' lang='lat' dir='ltr'>exsurgere</span> 
     </span>
     <span class='ocr_line' id='line_1_5' title="bbox 270 1123 2053 1218; baseline -0.007 -19"><span class='ocrx_word' id='word_1_39' title='bbox 270 1149 418 1218; x_wconf 85' lang='lat' dir='ltr'>pugnam</span> <span class='ocrx_word' id='word_1_40' title='bbox 444 1131 484 1198; x_wconf 90' lang='lat' dir='ltr'>de</span> <span class='ocrx_word' id='word_1_41' title='bbox 506 1128 655 1198; x_wconf 91' lang='lat' dir='ltr'>doctrina</span> <span class='ocrx_word' id='word_1_42' title='bbox 679 1125 850 1214; x_wconf 85' lang='lat' dir='ltr'>dynamica</span> <span class='ocrx_word' id='word_1_43' title='bbox 869 1141 901 1193; x_wconf 91' lang='lat' dir='ltr'>et</span> <span class='ocrx_word' id='word_1_44' title='bbox 919 1125 1085 1206; x_wconf 87' lang='lat' dir='ltr'>chemica;</span> <span class='ocrx_word' id='word_1_45' title='bbox 1116 1141 1231 1207; x_wconf 89' lang='lat' dir='ltr'>nempe</span> <span class='ocrx_word' id='word_1_46' title='bbox 1257 1138 1366 1191; x_wconf 90' lang='lat' dir='ltr'>utrum</span> <span class='ocrx_word' id='word_1_47' title='bbox 1393 1123 1427 1190; x_wconf 93' lang='lat' dir='ltr'>in</span> <span class='ocrx_word' id='word_1_48' title='bbox 1443 1124 1563 1208; x_wconf 90' lang='lat' dir='ltr'>plantis</span> <span class='ocrx_word' id='word_1_49' title='bbox 1585 1124 1770 1194; x_wconf 86' lang='lat' dir='ltr'>dominetur</span> <span class='ocrx_word' id='word_1_50' title='bbox 1785 1126 1836 1193; x_wconf 89' lang='lat' dir='ltr'>vis</span> <span class='ocrx_word' id='word_1_51' title='bbox 1861 1124 1983 1192; x_wconf 85' lang='lat' dir='ltr'>themi-</span> <span class='ocrx_word' id='word_1_52' title='bbox 2049 1177 2053 1186; x_wconf 92' lang='lat'>.</span> 
     </span>
     <span class='ocr_line' id='line_1_6' title="bbox 271 1239 1983 1332; baseline -0.002 -19"><span class='ocrx_word' id='word_1_53' title='bbox 271 1265 334 1328; x_wconf 79' lang='lat' dir='ltr'>ea,</span> <span class='ocrx_word' id='word_1_54' title='bbox 357 1266 398 1313; x_wconf 87' lang='lat' dir='ltr'>an</span> <span class='ocrx_word' id='word_1_55' title='bbox 418 1263 496 1312; x_wconf 86' lang='lat' dir='ltr'>vcro</span> <span class='ocrx_word' id='word_1_56' title='bbox 520 1246 583 1312; x_wconf 86' lang='lat' dir='ltr'>alia</span> <span class='ocrx_word' id='word_1_57' title='bbox 607 1244 646 1318; x_wconf 91' lang='lat' dir='ltr'>ab</span> <span class='ocrx_word' id='word_1_58' title='bbox 669 1247 729 1332; x_wconf 84' lang='lat' dir='ltr'>hac</span> <span class='ocrx_word' id='word_1_59' title='bbox 751 1245 898 1325; x_wconf 87' lang='lat' dir='ltr'>diversa,</span> <span class='ocrx_word' id='word_1_60' title='bbox 922 1260 1004 1326; x_wconf 88' lang='lat' dir='ltr'>quae</span> <span class='ocrx_word' id='word_1_61' title='bbox 1023 1239 1155 1323; x_wconf 87' lang='lat' dir='ltr'>vitalis,</span> <span class='ocrx_word' id='word_1_62' title='bbox 1186 1240 1377 1325; x_wconf 86' lang='lat' dir='ltr'>dynamica,</span> <span class='ocrx_word' id='word_1_63' title='bbox 1407 1240 1540 1307; x_wconf 89' lang='lat' dir='ltr'>dicitur.</span> <span class='ocrx_word' id='word_1_64' title='bbox 1588 1240 1690 1328; x_wconf 90' lang='lat' dir='ltr'>Quod</span> <span class='ocrx_word' id='word_1_65' title='bbox 1714 1256 1875 1309; x_wconf 88' lang='lat' dir='ltr'>certamen</span> <span class='ocrx_word' id='word_1_66' title='bbox 1906 1260 1983 1310; x_wconf 92' lang='lat' dir='ltr'>cum</span> 
     </span>
     <span class='ocr_line' id='line_1_7' title="bbox 274 1355 1982 1452; baseline 0 -27"><span class='ocrx_word' id='word_1_67' title='bbox 274 1358 375 1431; x_wconf 86' lang='lat' dir='ltr'>nimis</span> <span class='ocrx_word' id='word_1_68' title='bbox 402 1359 538 1424; x_wconf 88' lang='lat' dir='ltr'>arduum</span> <span class='ocrx_word' id='word_1_69' title='bbox 566 1356 639 1438; x_wconf 92' lang='lat' dir='ltr'>sit,</span> <span class='ocrx_word' id='word_1_70' title='bbox 672 1374 768 1440; x_wconf 89' lang='lat' dir='ltr'>quatu</span> <span class='ocrx_word' id='word_1_71' title='bbox 799 1357 890 1438; x_wconf 90' lang='lat' dir='ltr'>quod</span> <span class='ocrx_word' id='word_1_72' title='bbox 914 1356 969 1421; x_wconf 87' lang='lat' dir='ltr'>hic</span> <span class='ocrx_word' id='word_1_73' title='bbox 994 1355 1166 1436; x_wconf 88' lang='lat' dir='ltr'>ineamus,</span> <span class='ocrx_word' id='word_1_74' title='bbox 1197 1355 1314 1422; x_wconf 90' lang='lat' dir='ltr'>horum</span> <span class='ocrx_word' id='word_1_75' title='bbox 1345 1355 1577 1424; x_wconf 91' lang='lat' dir='ltr'>Chemicorum</span> <span class='ocrx_word' id='word_1_76' title='bbox 1611 1371 1797 1452; x_wconf 86' lang='lat' dir='ltr'>argumenta</span> <span class='ocrx_word' id='word_1_77' title='bbox 1826 1357 1881 1425; x_wconf 92' lang='lat' dir='ltr'>hic</span> <span class='ocrx_word' id='word_1_78' title='bbox 1913 1375 1982 1425; x_wconf 91' lang='lat' dir='ltr'>non</span> 
     </span>
     <span class='ocr_line' id='line_1_8' title="bbox 274 1469 1986 1556; baseline 0.001 -18"><span class='ocrx_word' id='word_1_79' title='bbox 274 1489 447 1554; x_wconf 86' lang='lat' dir='ltr'>eruemus;</span> <span class='ocrx_word' id='word_1_80' title='bbox 471 1471 681 1539; x_wconf 85' lang='lat' dir='ltr'>solummodo</span> <span class='ocrx_word' id='word_1_81' title='bbox 711 1483 885 1553; x_wconf 90' lang='lat' dir='ltr'>notantes,</span> <span class='ocrx_word' id='word_1_82' title='bbox 908 1471 1002 1537; x_wconf 90' lang='lat' dir='ltr'>allata</span> <span class='ocrx_word' id='word_1_83' title='bbox 1020 1469 1106 1536; x_wconf 85' lang='lat' dir='ltr'>iacta</span> <span class='ocrx_word' id='word_1_84' title='bbox 1131 1486 1199 1537; x_wconf 90' lang='lat' dir='ltr'>non</span> <span class='ocrx_word' id='word_1_85' title='bbox 1221 1471 1297 1538; x_wconf 90' lang='lat' dir='ltr'>talia</span> <span class='ocrx_word' id='word_1_86' title='bbox 1315 1490 1408 1555; x_wconf 89' lang='lat' dir='ltr'>esse,</span> <span class='ocrx_word' id='word_1_87' title='bbox 1437 1488 1523 1556; x_wconf 91' lang='lat' dir='ltr'>quae</span> <span class='ocrx_word' id='word_1_88' title='bbox 1551 1489 1619 1538; x_wconf 92' lang='lat' dir='ltr'>non</span> <span class='ocrx_word' id='word_1_89' title='bbox 1651 1489 1690 1539; x_wconf 88' lang='lat' dir='ltr'>ex</span> <span class='ocrx_word' id='word_1_90' title='bbox 1715 1473 1887 1555; x_wconf 87' lang='lat' dir='ltr'>dynamica</span> <span class='ocrx_word' id='word_1_91' title='bbox 1907 1475 1986 1540; x_wconf 86' lang='lat' dir='ltr'>doc-</span> 
     </span>
     <span class='ocr_line' id='line_1_9' title="bbox 275 1585 1987 1674; baseline 0.001 -18"><span class='ocrx_word' id='word_1_92' title='bbox 275 1590 360 1666; x_wconf 76' lang='lat' dir='ltr'>trina</span> <span class='ocrx_word' id='word_1_93' title='bbox 382 1588 514 1656; x_wconf 79' lang='lat' dir='ltr'>facilius</span> <span class='ocrx_word' id='word_1_94' title='bbox 539 1590 762 1674; x_wconf 88' lang='lat' dir='ltr'>explicentur;</span> <span class='ocrx_word' id='word_1_95' title='bbox 796 1608 893 1673; x_wconf 90' lang='lat' dir='ltr'>quam</span> <span class='ocrx_word' id='word_1_96' title='bbox 921 1588 1157 1672; x_wconf 86' lang='lat' dir='ltr'>expositionem</span> <span class='ocrx_word' id='word_1_97' title='bbox 1182 1589 1217 1654; x_wconf 92' lang='lat' dir='ltr'>in</span> <span class='ocrx_word' id='word_1_98' title='bbox 1248 1585 1398 1668; x_wconf 84' lang='lat' dir='ltr'>sequenti</span> <span class='ocrx_word' id='word_1_99' title='bbox 1434 1585 1654 1672; x_wconf 76' lang='lat' dir='ltr'>paragrapho,</span> <span class='ocrx_word' id='word_1_100' title='bbox 1686 1589 1852 1673; x_wconf 85' lang='lat' dir='ltr'>suscipere</span> <span class='ocrx_word' id='word_1_101' title='bbox 1884 1607 1987 1660; x_wconf 89' lang='lat' dir='ltr'>tenta·</span> 
     </span>
     <span class='ocr_line' id='line_1_10' title="bbox 271 1689 1986 1794; baseline 0.002 -22"><span class='ocrx_word' id='word_1_102' title='bbox 271 1689 396 1774; x_wconf 81' lang='lat' dir='ltr'>bimus.</span> <span class='ocrx_word' id='word_1_103' title='bbox 442 1707 568 1773; x_wconf 83' lang='lat' dir='ltr'>Contra</span> <span class='ocrx_word' id='word_1_104' title='bbox 589 1705 620 1772; x_wconf 90' lang='lat' dir='ltr'>si</span> <span class='ocrx_word' id='word_1_105' title='bbox 646 1705 721 1785; x_wconf 91' lang='lat' dir='ltr'>quis</span> <span class='ocrx_word' id='word_1_106' title='bbox 746 1705 791 1776; x_wconf 89' lang='lat' dir='ltr'>sit</span> <span class='ocrx_word' id='word_1_107' title='bbox 821 1705 878 1787; x_wconf 92' lang='lat' dir='ltr'>qui</span> <span class='ocrx_word' id='word_1_108' title='bbox 903 1705 1083 1790; x_wconf 86' lang='lat' dir='ltr'>sustineat,</span> <span class='ocrx_word' id='word_1_109' title='bbox 1105 1706 1216 1774; x_wconf 91' lang='lat' dir='ltr'>eodem</span> <span class='ocrx_word' id='word_1_110' title='bbox 1248 1703 1346 1768; x_wconf 92' lang='lat' dir='ltr'>modo</span> <span class='ocrx_word' id='word_1_111' title='bbox 1377 1703 1483 1767; x_wconf 89' lang='lat' dir='ltr'>lucem</span> <span class='ocrx_word' id='word_1_112' title='bbox 1512 1701 1548 1767; x_wconf 93' lang='lat' dir='ltr'>in</span> <span class='ocrx_word' id='word_1_113' title='bbox 1573 1719 1686 1770; x_wconf 91' lang='lat' dir='ltr'>omnes</span> <span class='ocrx_word' id='word_1_114' title='bbox 1718 1705 1846 1788; x_wconf 90' lang='lat' dir='ltr'>plantas</span> <span class='ocrx_word' id='word_1_115' title='bbox 1874 1727 1986 1794; x_wconf 88' lang='lat' dir='ltr'>agere,</span> 
     </span>
     <span class='ocr_line' id='line_1_11' title="bbox 275 1814 1986 1906; baseline 0.004 -20"><span class='ocrx_word' id='word_1_116' title='bbox 275 1818 373 1886; x_wconf 88' lang='lat' dir='ltr'>armis</span> <span class='ocrx_word' id='word_1_117' title='bbox 399 1818 581 1885; x_wconf 90' lang='lat' dir='ltr'>instructus</span> <span class='ocrx_word' id='word_1_118' title='bbox 604 1816 756 1899; x_wconf 90' lang='lat' dir='ltr'>videtur,</span> <span class='ocrx_word' id='word_1_119' title='bbox 788 1817 910 1900; x_wconf 90' lang='lat' dir='ltr'>quibus</span> <span class='ocrx_word' id='word_1_120' title='bbox 935 1836 1027 1884; x_wconf 90' lang='lat' dir='ltr'>suam</span> <span class='ocrx_word' id='word_1_121' title='bbox 1058 1819 1247 1905; x_wconf 83' lang='lat' dir='ltr'>opinionem</span> <span class='ocrx_word' id='word_1_122' title='bbox 1274 1829 1423 1900; x_wconf 72' lang='lat' dir='ltr'>tueatur,</span> <span class='ocrx_word' id='word_1_123' title='bbox 1453 1814 1577 1900; x_wconf 87' lang='lat' dir='ltr'>quippe</span> <span class='ocrx_word' id='word_1_124' title='bbox 1603 1818 1727 1902; x_wconf 90' lang='lat' dir='ltr'>species</span> <span class='ocrx_word' id='word_1_125' title='bbox 1753 1821 1943 1906; x_wconf 87' lang='lat' dir='ltr'>vegetabilis</span> <span class='ocrx_word' id='word_1_126' title='bbox 1966 1845 1986 1893; x_wconf 83' lang='lat' dir='ltr'>a</span> 
     </span>
     <span class='ocr_line' id='line_1_12' title="bbox 276 1929 1987 2025; baseline 0.004 -26"><span class='ocrx_word' id='word_1_127' title='bbox 276 1931 384 2016; x_wconf 89' lang='lat' dir='ltr'>specie</span> <span class='ocrx_word' id='word_1_128' title='bbox 409 1930 534 2013; x_wconf 86' lang='lat' dir='ltr'>differt,</span> <span class='ocrx_word' id='word_1_129' title='bbox 563 1933 675 2014; x_wconf 88' lang='lat' dir='ltr'>itaque</span> <span class='ocrx_word' id='word_1_130' title='bbox 696 1931 803 2000; x_wconf 89' lang='lat' dir='ltr'>differt</span> <span class='ocrx_word' id='word_1_131' title='bbox 830 1931 1031 2016; x_wconf 80' lang='lat' dir='ltr'>aliquantum</span> <span class='ocrx_word' id='word_1_132' title='bbox 1059 1947 1240 2014; x_wconf 85' lang='lat' dir='ltr'>structura,</span> <span class='ocrx_word' id='word_1_133' title='bbox 1268 1929 1322 1998; x_wconf 89' lang='lat' dir='ltr'>cui</span> <span class='ocrx_word' id='word_1_134' title='bbox 1349 1931 1426 1997; x_wconf 91' lang='lat' dir='ltr'>licet</span> <span class='ocrx_word' id='word_1_135' title='bbox 1451 1931 1535 1998; x_wconf 91' lang='lat' dir='ltr'>idem</span> <span class='ocrx_word' id='word_1_136' title='bbox 1570 1931 1780 2002; x_wconf 82' lang='lat' dir='ltr'>admoveatur</span> <span class='ocrx_word' id='word_1_137' title='bbox 1806 1939 1987 2025; x_wconf 89' lang='lat' dir='ltr'>stimulus,</span> 
     </span>
     <span class='ocr_line' id='line_1_13' title="bbox 277 2045 1988 2134; baseline 0.006 -22"><span class='ocrx_word' id='word_1_138' title='bbox 277 2047 335 2129; x_wconf 92' lang='lat' dir='ltr'>qui</span> <span class='ocrx_word' id='word_1_139' title='bbox 358 2048 415 2112; x_wconf 88' lang='lat' dir='ltr'>lux</span> <span class='ocrx_word' id='word_1_140' title='bbox 439 2047 615 2130; x_wconf 84' lang='lat' dir='ltr'>habeatur,</span> <span class='ocrx_word' id='word_1_141' title='bbox 648 2067 715 2115; x_wconf 93' lang='lat' dir='ltr'>non</span> <span class='ocrx_word' id='word_1_142' title='bbox 741 2061 852 2133; x_wconf 90' lang='lat' dir='ltr'>potest</span> <span class='ocrx_word' id='word_1_143' title='bbox 875 2048 956 2131; x_wconf 89' lang='lat' dir='ltr'>quin</span> <span class='ocrx_word' id='word_1_144' title='bbox 979 2047 1062 2116; x_wconf 87' lang='lat' dir='ltr'>alius</span> <span class='ocrx_word' id='word_1_145' title='bbox 1089 2049 1214 2117; x_wconf 89' lang='lat' dir='ltr'>oriatur</span> <span class='ocrx_word' id='word_1_146' title='bbox 1237 2046 1396 2129; x_wconf 83' lang='lat' dir='ltr'>effectus3</span> <span class='ocrx_word' id='word_1_147' title='bbox 1426 2045 1589 2134; x_wconf 83' lang='lat' dir='ltr'>digeratur</span> <span class='ocrx_word' id='word_1_148' title='bbox 1614 2067 1689 2117; x_wconf 91' lang='lat' dir='ltr'>caro</span> <span class='ocrx_word' id='word_1_149' title='bbox 1715 2053 1820 2122; x_wconf 88' lang='lat' dir='ltr'>eadem</span> <span class='ocrx_word' id='word_1_150' title='bbox 1841 2073 1859 2122; x_wconf 89' lang='lat' dir='ltr'>a</span> <span class='ocrx_word' id='word_1_151' title='bbox 1881 2055 1988 2124; x_wconf 90' lang='lat' dir='ltr'>diver·</span> 
     </span>
     <span class='ocr_line' id='line_1_14' title="bbox 278 2159 1985 2249; baseline 0.006 -19"><span class='ocrx_word' id='word_1_152' title='bbox 278 2161 326 2230; x_wconf 86' lang='lat' dir='ltr'>sis</span> <span class='ocrx_word' id='word_1_153' title='bbox 342 2159 484 2243; x_wconf 87' lang='lat' dir='ltr'>felibus,</span> <span class='ocrx_word' id='word_1_154' title='bbox 507 2178 540 2229; x_wconf 91' lang='lat' dir='ltr'>et</span> <span class='ocrx_word' id='word_1_155' title='bbox 558 2163 697 2248; x_wconf 90' lang='lat' dir='ltr'>singulis</span> <span class='ocrx_word' id='word_1_156' title='bbox 715 2178 764 2232; x_wconf 90' lang='lat' dir='ltr'>est</span> <span class='ocrx_word' id='word_1_157' title='bbox 778 2163 927 2232; x_wconf 90' lang='lat' dir='ltr'>diversus</span> <span class='ocrx_word' id='word_1_158' title='bbox 955 2165 1113 2249; x_wconf 66' lang='lat' dir='ltr'>thymum</span> <span class='ocrx_word' id='word_1_159' title='bbox 1137 2182 1223 2247; x_wconf 82' lang='lat' dir='ltr'>aqua</span> <span class='ocrx_word' id='word_1_160' title='bbox 1241 2177 1272 2230; x_wconf 94' lang='lat' dir='ltr'>et</span> <span class='ocrx_word' id='word_1_161' title='bbox 1294 2163 1420 2230; x_wconf 90' lang='lat' dir='ltr'>acidum</span> <span class='ocrx_word' id='word_1_162' title='bbox 1451 2163 1661 2248; x_wconf 84' lang='lat' dir='ltr'>carbunicam</span> <span class='ocrx_word' id='word_1_163' title='bbox 1695 2166 1847 2244; x_wconf 90' lang='lat' dir='ltr'>nutriunt</span> <span class='ocrx_word' id='word_1_164' title='bbox 1872 2173 1985 2239; x_wconf 89' lang='lat' dir='ltr'>solana</span> 
     </span>
     <span class='ocr_line' id='line_1_15' title="bbox 274 2262 1984 2371; baseline 0.005 -26"><span class='ocrx_word' id='word_1_165' title='bbox 274 2291 309 2345; x_wconf 87' lang='lat' dir='ltr'>ct</span> <span class='ocrx_word' id='word_1_166' title='bbox 325 2275 514 2344; x_wconf 85' lang='lat' dir='ltr'>tuberosum</span> <span class='ocrx_word' id='word_1_167' title='bbox 539 2293 571 2346; x_wconf 90' lang='lat' dir='ltr'>et</span> <span class='ocrx_word' id='word_1_168' title='bbox 594 2279 829 2366; x_wconf 90' lang='lat' dir='ltr'>dulcamaram,</span> <span class='ocrx_word' id='word_1_169' title='bbox 853 2296 885 2348; x_wconf 89' lang='lat' dir='ltr'>et</span> <span class='ocrx_word' id='word_1_170' title='bbox 904 2262 1036 2363; x_wconf 79' lang='lat' dir='ltr'>utrique</span> <span class='ocrx_word' id='word_1_171' title='bbox 1059 2281 1209 2366; x_wconf 83' lang='lat' dir='ltr'>singulae</span> <span class='ocrx_word' id='word_1_172' title='bbox 1228 2297 1304 2346; x_wconf 91' lang='lat' dir='ltr'>suae</span> <span class='ocrx_word' id='word_1_173' title='bbox 1322 2279 1437 2346; x_wconf 80' lang='lat' dir='ltr'>insunt</span> <span class='ocrx_word' id='word_1_174' title='bbox 1459 2280 1616 2350; x_wconf 89' lang='lat' dir='ltr'>materies.</span> <span class='ocrx_word' id='word_1_175' title='bbox 1662 2280 1808 2368; x_wconf 86' lang='lat' dir='ltr'>Apparet</span> <span class='ocrx_word' id='word_1_176' title='bbox 1832 2284 1984 2371; x_wconf 91' lang='lat' dir='ltr'>interim,</span> 
     </span>
     <span class='ocr_line' id='line_1_16' title="bbox 270 2383 1985 2482; baseline 0.01 -25"><span class='ocrx_word' id='word_1_177' title='bbox 270 2383 418 2473; x_wconf 84' lang='lat' dir='ltr'>quantus</span> <span class='ocrx_word' id='word_1_178' title='bbox 435 2407 541 2477; x_wconf 90' lang='lat' dir='ltr'>pateat</span> <span class='ocrx_word' id='word_1_179' title='bbox 557 2413 692 2479; x_wconf 89' lang='lat' dir='ltr'>campus</span> <span class='ocrx_word' id='word_1_180' title='bbox 710 2415 795 2463; x_wconf 87' lang='lat' dir='ltr'>nova</span> <span class='ocrx_word' id='word_1_181' title='bbox 811 2391 950 2464; x_wconf 87' lang='lat' dir='ltr'>faciendi</span> <span class='ocrx_word' id='word_1_182' title='bbox 962 2397 1128 2481; x_wconf 88' lang='lat' dir='ltr'>pericula,</span> <span class='ocrx_word' id='word_1_183' title='bbox 1152 2412 1254 2477; x_wconf 88' lang='lat' dir='ltr'>quae,</span> <span class='ocrx_word' id='word_1_184' title='bbox 1270 2409 1309 2460; x_wconf 91' lang='lat' dir='ltr'>ut</span> <span class='ocrx_word' id='word_1_185' title='bbox 1329 2393 1413 2461; x_wconf 91' lang='lat' dir='ltr'>lucis</span> <span class='ocrx_word' id='word_1_186' title='bbox 1430 2405 1577 2461; x_wconf 90' lang='lat' dir='ltr'>naturam</span> <span class='ocrx_word' id='word_1_187' title='bbox 1594 2409 1626 2461; x_wconf 91' lang='lat' dir='ltr'>et</span> <span class='ocrx_word' id='word_1_188' title='bbox 1643 2399 1869 2482; x_wconf 88' lang='lat' dir='ltr'>vegetabilium</span> <span class='ocrx_word' id='word_1_189' title='bbox 1890 2405 1985 2474; x_wconf 90' lang='lat' dir='ltr'>indo·</span> 
     </span>
     <span class='ocr_line' id='line_1_17' title="bbox 272 2504 1986 2603; baseline 0.011 -31"><span class='ocrx_word' id='word_1_190' title='bbox 272 2504 336 2572; x_wconf 87' lang='lat' dir='ltr'>lem</span> <span class='ocrx_word' id='word_1_191' title='bbox 356 2505 536 2590; x_wconf 89' lang='lat' dir='ltr'>illustrare,</span> <span class='ocrx_word' id='word_1_192' title='bbox 549 2510 601 2575; x_wconf 89' lang='lat' dir='ltr'>sic</span> <span class='ocrx_word' id='word_1_193' title='bbox 626 2510 760 2594; x_wconf 91' lang='lat' dir='ltr'>possint</span> <span class='ocrx_word' id='word_1_194' title='bbox 776 2507 888 2576; x_wconf 85' lang='lat' dir='ltr'>forsan</span> <span class='ocrx_word' id='word_1_195' title='bbox 911 2508 1022 2577; x_wconf 88' lang='lat' dir='ltr'>afferre</span> <span class='ocrx_word' id='word_1_196' title='bbox 1037 2511 1253 2577; x_wconf 89' lang='lat' dir='ltr'>emolumenta</span> <span class='ocrx_word' id='word_1_197' title='bbox 1276 2507 1322 2574; x_wconf 92' lang='lat' dir='ltr'>rei</span> <span class='ocrx_word' id='word_1_198' title='bbox 1344 2508 1571 2576; x_wconf 89' lang='lat' dir='ltr'>oeconomicae</span> <span class='ocrx_word' id='word_1_199' title='bbox 1595 2510 1680 2578; x_wconf 89' lang='lat' dir='ltr'>haud</span> <span class='ocrx_word' id='word_1_200' title='bbox 1706 2512 1853 2600; x_wconf 90' lang='lat' dir='ltr'>inutilia;</span> <span class='ocrx_word' id='word_1_201' title='bbox 1888 2539 1986 2603; x_wconf 89' lang='lat' dir='ltr'>quem</span> 
     </span>
     <span class='ocr_line' id='line_1_18' title="bbox 272 2619 1985 2710; baseline 0.012 -25"><span class='ocrx_word' id='word_1_202' title='bbox 272 2635 349 2685; x_wconf 88' lang='lat' dir='ltr'>vero</span> <span class='ocrx_word' id='word_1_203' title='bbox 382 2637 529 2704; x_wconf 90' lang='lat' dir='ltr'>campum</span> <span class='ocrx_word' id='word_1_204' title='bbox 561 2619 686 2706; x_wconf 84' lang='lat' dir='ltr'>ingredi</span> <span class='ocrx_word' id='word_1_205' title='bbox 715 2637 866 2706; x_wconf 89' lang='lat' dir='ltr'>strenue,</span> <span class='ocrx_word' id='word_1_206' title='bbox 896 2637 928 2691; x_wconf 90' lang='lat' dir='ltr'>et</span> <span class='ocrx_word' id='word_1_207' title='bbox 960 2627 1146 2692; x_wconf 84' lang='lat' dir='ltr'>constanter</span> <span class='ocrx_word' id='word_1_208' title='bbox 1174 2640 1354 2710; x_wconf 82' lang='lat' dir='ltr'>permeare,</span> <span class='ocrx_word' id='word_1_209' title='bbox 1381 2622 1474 2694; x_wconf 89' lang='lat' dir='ltr'>baud&#39;</span> <span class='ocrx_word' id='word_1_210' title='bbox 1498 2643 1630 2710; x_wconf 86' lang='lat' dir='ltr'>paruam</span> <span class='ocrx_word' id='word_1_211' title='bbox 1662 2629 1985 2708; x_wconf 79' lang='lat' dir='ltr'>exercitatissimae</span> 
     </span>
     <span class='ocr_line' id='line_1_19' title="bbox 272 2731 1102 2826; baseline 0.01 -24"><span class='ocrx_word' id='word_1_212' title='bbox 272 2731 481 2818; x_wconf 75' lang='lat' dir='ltr'>eruditissimi</span> <span class='ocrx_word' id='word_1_213' title='bbox 495 2735 630 2822; x_wconf 80' lang='lat' dir='ltr'>Physici</span> <span class='ocrx_word' id='word_1_214' title='bbox 646 2755 757 2810; x_wconf 87' lang='lat' dir='ltr'>curam</span> <span class='ocrx_word' id='word_1_215' title='bbox 775 2756 951 2826; x_wconf 83' lang='lat' dir='ltr'>exposcere</span> <span class='ocrx_word' id='word_1_216' title='bbox 970 2739 1102 2826; x_wconf 88' lang='lat' dir='ltr'>opinor.</span> 
     </span>
    </p>
   </div>
   <div class='ocr_carea' id='block_1_3' title="bbox 1068 2971 1181 3103">
    <p class='ocr_par' dir='ltr' id='par_1_3' title="bbox 1068 2971 1181 3103">
     <span class='ocr_line' id='line_1_20' title="bbox 1068 2971 1181 3103; baseline -0.018 -45"><span class='ocrx_word' id='word_1_217' title='bbox 1068 2971 1122 3103; x_wconf 57' lang='lat' dir='ltr'>ig</span> <span class='ocrx_word' id='word_1_218' title='bbox 1150 2989 1181 3056; x_wconf 85' lang='lat' dir='ltr'>a·</span> 
     </span>
    </p>
   </div>
   <div class='ocr_carea' id='block_1_4' title="bbox 268 3181 1989 4683">
    <p class='ocr_par' dir='ltr' id='par_1_4' title="bbox 268 3181 1989 4682">
     <span class='ocr_line' id='line_1_21' title="bbox 314 3181 1984 3288; baseline 0.011 -25"><span class='ocrx_word' id='word_1_219' title='bbox 314 3193 369 3264; x_wconf 84' lang='lat' dir='ltr'>Ex</span> <span class='ocrx_word' id='word_1_220' title='bbox 389 3193 495 3266; x_wconf 86' lang='lat' dir='ltr'>allatis</span> <span class='ocrx_word' id='word_1_221' title='bbox 516 3213 594 3264; x_wconf 89' lang='lat' dir='ltr'>veto</span> <span class='ocrx_word' id='word_1_222' title='bbox 614 3181 755 3282; x_wconf 79' lang='lat' dir='ltr'>pt&#39;onunt</span> <span class='ocrx_word' id='word_1_223' title='bbox 773 3211 821 3267; x_wconf 91' lang='lat' dir='ltr'>est</span> <span class='ocrx_word' id='word_1_224' title='bbox 838 3199 1009 3285; x_wconf 87' lang='lat' dir='ltr'>colligere,</span> <span class='ocrx_word' id='word_1_225' title='bbox 1032 3199 1162 3282; x_wconf 90' lang='lat' dir='ltr'>lucem,</span> <span class='ocrx_word' id='word_1_226' title='bbox 1187 3195 1278 3282; x_wconf 87' lang='lat' dir='ltr'>quod</span> <span class='ocrx_word' id='word_1_227' title='bbox 1295 3195 1359 3282; x_wconf 86' lang='lat' dir='ltr'>J&#39;atn</span> <span class='ocrx_word' id='word_1_228' title='bbox 1377 3213 1477 3281; x_wconf 90' lang='lat' dir='ltr'>supra</span> <span class='ocrx_word' id='word_1_229' title='bbox 1493 3197 1702 3288; x_wconf 86' lang='lat' dir='ltr'>monuimus,</span> <span class='ocrx_word' id='word_1_230' title='bbox 1726 3208 1814 3276; x_wconf 90' lang='lat' dir='ltr'>sicut</span> <span class='ocrx_word' id='word_1_231' title='bbox 1831 3211 1917 3279; x_wconf 85' lang='lat' dir='ltr'>vatia</span> <span class='ocrx_word' id='word_1_232' title='bbox 1936 3233 1984 3282; x_wconf 87' lang='lat' dir='ltr'>ra·</span> 
     </span>
     <span class='ocr_line' id='line_1_22' title="bbox 269 3310 1984 3401; baseline 0.012 -24"><span class='ocrx_word' id='word_1_233' title='bbox 269 3310 366 3379; x_wconf 72' lang='lat' dir='ltr'>mone</span> <span class='ocrx_word' id='word_1_234' title='bbox 396 3311 612 3396; x_wconf 88' lang='lat' dir='ltr'>inorganicam</span> <span class='ocrx_word' id='word_1_235' title='bbox 651 3313 748 3380; x_wconf 88' lang='lat' dir='ltr'>afficit</span> <span class='ocrx_word' id='word_1_236' title='bbox 780 3315 962 3397; x_wconf 88' lang='lat' dir='ltr'>materiem,</span> <span class='ocrx_word' id='word_1_237' title='bbox 995 3314 1039 3380; x_wconf 89' lang='lat' dir='ltr'>ita</span> <span class='ocrx_word' id='word_1_238' title='bbox 1069 3331 1205 3398; x_wconf 91' lang='lat' dir='ltr'>quoque</span> <span class='ocrx_word' id='word_1_239' title='bbox 1229 3313 1265 3380; x_wconf 92' lang='lat' dir='ltr'>in</span> <span class='ocrx_word' id='word_1_240' title='bbox 1296 3313 1459 3384; x_wconf 88' lang='lat' dir='ltr'>materiam</span> <span class='ocrx_word' id='word_1_241' title='bbox 1490 3318 1671 3401; x_wconf 84' lang='lat' dir='ltr'>organicam</span> <span class='ocrx_word' id='word_1_242' title='bbox 1704 3322 1842 3397; x_wconf 81' lang='lat' dir='ltr'>diversis</span> <span class='ocrx_word' id='word_1_243' title='bbox 1876 3330 1984 3398; x_wconf 91' lang='lat' dir='ltr'>modis</span> 
     </span>
     <span class='ocr_line' id='line_1_23' title="bbox 272 3425 1982 3530; baseline 0.011 -37"><span class='ocrx_word' id='word_1_244' title='bbox 272 3439 365 3530; x_wconf 75' lang='lat' dir='ltr'>suam</span> <span class='ocrx_word' id='word_1_245' title='bbox 387 3425 455 3508; x_wconf 82' lang='lat' dir='ltr'>uim</span> <span class='ocrx_word' id='word_1_246' title='bbox 484 3443 646 3492; x_wconf 85' lang='lat' dir='ltr'>exercere:</span> <span class='ocrx_word' id='word_1_247' title='bbox 673 3429 835 3512; x_wconf 91' lang='lat' dir='ltr'>quidquid</span> <span class='ocrx_word' id='word_1_248' title='bbox 858 3443 963 3496; x_wconf 89' lang='lat' dir='ltr'>autem</span> <span class='ocrx_word' id='word_1_249' title='bbox 990 3429 1055 3512; x_wconf 88' lang='lat' dir='ltr'>sit,</span> <span class='ocrx_word' id='word_1_250' title='bbox 1078 3429 1319 3511; x_wconf 89' lang='lat' dir='ltr'>qualiscunque</span> <span class='ocrx_word' id='word_1_251' title='bbox 1340 3428 1426 3494; x_wconf 91' lang='lat' dir='ltr'>lucis</span> <span class='ocrx_word' id='word_1_252' title='bbox 1449 3447 1524 3513; x_wconf 90' lang='lat' dir='ltr'>pars</span> <span class='ocrx_word' id='word_1_253' title='bbox 1551 3431 1585 3500; x_wconf 92' lang='lat' dir='ltr'>in</span> <span class='ocrx_word' id='word_1_254' title='bbox 1610 3436 1735 3517; x_wconf 89' lang='lat' dir='ltr'>plantas</span> <span class='ocrx_word' id='word_1_255' title='bbox 1759 3442 1982 3528; x_wconf 90' lang='lat' dir='ltr'>qualicunque</span> 
     </span>
     <span class='ocr_line' id='line_1_24' title="bbox 268 3513 1984 3640; baseline 0.013 -34"><span class='ocrx_word' id='word_1_256' title='bbox 268 3513 396 3638; x_wconf 54' lang='lat' dir='ltr'>petione</span> <span class='ocrx_word' id='word_1_257' title='bbox 418 3543 512 3626; x_wconf 86' lang='lat' dir='ltr'>agat,</span> <span class='ocrx_word' id='word_1_258' title='bbox 543 3540 645 3626; x_wconf 88' lang='lat' dir='ltr'>probe</span> <span class='ocrx_word' id='word_1_259' title='bbox 670 3546 842 3612; x_wconf 85' lang='lat' dir='ltr'>tenendum</span> <span class='ocrx_word' id='word_1_260' title='bbox 866 3559 936 3626; x_wconf 89' lang='lat' dir='ltr'>est,</span> <span class='ocrx_word' id='word_1_261' title='bbox 967 3545 1094 3626; x_wconf 87' lang='lat' dir='ltr'>plantas</span> <span class='ocrx_word' id='word_1_262' title='bbox 1116 3543 1247 3625; x_wconf 88' lang='lat' dir='ltr'>vivere,</span> <span class='ocrx_word' id='word_1_263' title='bbox 1277 3555 1374 3623; x_wconf 90' lang='lat' dir='ltr'>atquc</span> <span class='ocrx_word' id='word_1_264' title='bbox 1401 3561 1468 3609; x_wconf 85' lang='lat' dir='ltr'>earn</span> <span class='ocrx_word' id='word_1_265' title='bbox 1495 3565 1513 3610; x_wconf 90' lang='lat' dir='ltr'>a</span> <span class='ocrx_word' id='word_1_266' title='bbox 1542 3547 1668 3617; x_wconf 88' lang='lat' dir='ltr'>Natura</span> <span class='ocrx_word' id='word_1_267' title='bbox 1695 3555 1859 3640; x_wconf 88' lang='lat' dir='ltr'>accepisse</span> <span class='ocrx_word' id='word_1_268' title='bbox 1881 3557 1984 3630; x_wconf 88' lang='lat' dir='ltr'>facul-</span> 
     </span>
     <span class='ocr_line' id='line_1_25' title="bbox 269 3645 1989 3760; baseline 0.011 -36"><span class='ocrx_word' id='word_1_269' title='bbox 269 3658 451 3738; x_wconf 82' lang='lat' dir='ltr'>tatem,&#39;ut</span> <span class='ocrx_word' id='word_1_270' title='bbox 477 3675 495 3722; x_wconf 93' lang='lat' dir='ltr'>a</span> <span class='ocrx_word' id='word_1_271' title='bbox 520 3657 672 3738; x_wconf 91' lang='lat' dir='ltr'>plurimis</span> <span class='ocrx_word' id='word_1_272' title='bbox 693 3657 900 3726; x_wconf 89' lang='lat' dir='ltr'>irritamentis</span> <span class='ocrx_word' id='word_1_273' title='bbox 925 3657 1102 3736; x_wconf 86' lang='lat' dir='ltr'>innumeris</span> <span class='ocrx_word' id='word_1_274' title='bbox 1123 3657 1229 3724; x_wconf 91' lang='lat' dir='ltr'>modis</span> <span class='ocrx_word' id='word_1_275' title='bbox 1256 3655 1485 3739; x_wconf 87' lang='lat' dir='ltr'>stimulentur,</span> <span class='ocrx_word' id='word_1_276' title='bbox 1510 3645 1708 3749; x_wconf 81' lang='lat' dir='ltr'>incitentur,</span> <span class='ocrx_word' id='word_1_277' title='bbox 1732 3670 1831 3754; x_wconf 90' lang='lat' dir='ltr'>inque</span> <span class='ocrx_word' id='word_1_278' title='bbox 1851 3691 1989 3760; x_wconf 88' lang='lat' dir='ltr'>accepta·</span> 
     </span>
     <span class='ocr_line' id='line_1_26' title="bbox 272 3767 1982 3872; baseline 0.014 -39"><span class='ocrx_word' id='word_1_279' title='bbox 272 3767 467 3838; x_wconf 85' lang='lat' dir='ltr'>irritamenta</span> <span class='ocrx_word' id='word_1_280' title='bbox 483 3771 657 3838; x_wconf 84' lang='lat' dir='ltr'>efficaciter</span> <span class='ocrx_word' id='word_1_281' title='bbox 683 3789 831 3860; x_wconf 85' lang='lat' dir='ltr'>reagant,</span> <span class='ocrx_word' id='word_1_282' title='bbox 855 3772 989 3856; x_wconf 92' lang='lat' dir='ltr'>vimque</span> <span class='ocrx_word' id='word_1_283' title='bbox 1009 3773 1044 3840; x_wconf 90' lang='lat' dir='ltr'>vi</span> <span class='ocrx_word' id='word_1_284' title='bbox 1070 3783 1260 3856; x_wconf 82' lang='lat' dir='ltr'>opponant3</span> <span class='ocrx_word' id='word_1_285' title='bbox 1295 3769 1407 3834; x_wconf 91' lang='lat' dir='ltr'>baec&#39;</span> <span class='ocrx_word' id='word_1_286' title='bbox 1398 3790 1470 3854; x_wconf 85' lang='lat' dir='ltr'>rpsa</span> <span class='ocrx_word' id='word_1_287' title='bbox 1501 3776 1652 3845; x_wconf 89' lang='lat' dir='ltr'>nimirum</span> <span class='ocrx_word' id='word_1_288' title='bbox 1679 3783 1906 3872; x_wconf 87' lang='lat' dir='ltr'>vegetabilium</span> <span class='ocrx_word' id='word_1_289' title='bbox 1930 3790 1982 3857; x_wconf 91' lang='lat' dir='ltr'>vis</span> 
     </span>
     <span class='ocr_line' id='line_1_27' title="bbox 274 3879 1984 3977; baseline 0.018 -35"><span class='ocrx_word' id='word_1_290' title='bbox 274 3879 422 3958; x_wconf 79' lang='lat' dir='ltr'>uberem</span> <span class='ocrx_word' id='word_1_291' title='bbox 430 3886 532 3968; x_wconf 85' lang='lat' dir='ltr'>aperit</span> <span class='ocrx_word' id='word_1_292' title='bbox 557 3886 710 3970; x_wconf 82' lang='lat' dir='ltr'>Plrysico</span> <span class='ocrx_word' id='word_1_293' title='bbox 727 3885 871 3970; x_wconf 89' lang='lat' dir='ltr'>fontem,</span> <span class='ocrx_word' id='word_1_294' title='bbox 895 3907 935 3954; x_wconf 85' lang='lat' dir='ltr'>ex</span> <span class='ocrx_word' id='word_1_295' title='bbox 958 3906 1026 3971; x_wconf 91' lang='lat' dir='ltr'>quo</span> <span class='ocrx_word' id='word_1_296' title='bbox 1046 3885 1110 3954; x_wconf 91' lang='lat' dir='ltr'>nisi</span> <span class='ocrx_word' id='word_1_297' title='bbox 1131 3882 1306 3969; x_wconf 87' lang='lat' dir='ltr'>perfectam</span> <span class='ocrx_word' id='word_1_298' title='bbox 1338 3897 1371 3950; x_wconf 93' lang='lat' dir='ltr'>et</span> <span class='ocrx_word' id='word_1_299' title='bbox 1393 3887 1544 3973; x_wconf 86' lang='lat' dir='ltr'>plenam,</span> <span class='ocrx_word' id='word_1_300' title='bbox 1577 3895 1777 3977; x_wconf 87' lang='lat' dir='ltr'>probabilem</span> <span class='ocrx_word' id='word_1_301' title='bbox 1811 3905 1921 3972; x_wconf 89' lang='lat' dir='ltr'>saltem</span> <span class='ocrx_word' id='word_1_302' title='bbox 1951 3921 1984 3973; x_wconf 91' lang='lat' dir='ltr'>et</span> 
     </span>
     <span class='ocr_line' id='line_1_28' title="bbox 273 3975 1983 4102; baseline 0.016 -42"><span class='ocrx_word' id='word_1_303' title='bbox 273 3975 421 4076; x_wconf 75' lang='lat' dir='ltr'>fidelem,</span> <span class='ocrx_word' id='word_1_304' title='bbox 446 3997 533 4066; x_wconf 91' lang='lat' dir='ltr'>haud</span> <span class='ocrx_word' id='word_1_305' title='bbox 555 4020 736 4086; x_wconf 89' lang='lat' dir='ltr'>paucorum</span> <span class='ocrx_word' id='word_1_306' title='bbox 763 4005 1059 4102; x_wconf 85' lang='lat' dir='ltr'>phaenomenorum</span> <span class='ocrx_word' id='word_1_307' title='bbox 1081 3995 1316 4084; x_wconf 84' lang='lat' dir='ltr'>expositionem</span> <span class='ocrx_word' id='word_1_308' title='bbox 1335 3999 1464 4067; x_wconf 89' lang='lat' dir='ltr'>haurire</span> <span class='ocrx_word' id='word_1_309' title='bbox 1482 4003 1604 4090; x_wconf 86' lang='lat' dir='ltr'>possit.</span> <span class='ocrx_word' id='word_1_310' title='bbox 1649 4014 1703 4080; x_wconf 84' lang='lat' dir='ltr'>Ad</span> <span class='ocrx_word' id='word_1_311' title='bbox 1724 4036 1820 4100; x_wconf 92' lang='lat' dir='ltr'>quam</span> <span class='ocrx_word' id='word_1_312' title='bbox 1836 4039 1903 4086; x_wconf 92' lang='lat' dir='ltr'>uun</span> <span class='ocrx_word' id='word_1_313' title='bbox 1928 4020 1983 4087; x_wconf 92' lang='lat' dir='ltr'>hic</span> 
     </span>
     <span class='ocr_line' id='line_1_29' title="bbox 270 4108 1987 4216; baseline 0.017 -42"><span class='ocrx_word' id='word_1_314' title='bbox 270 4108 445 4206; x_wconf 76' lang='lat' dir='ltr'>attendisse</span> <span class='ocrx_word' id='word_1_315' title='bbox 448 4117 659 4204; x_wconf 89' lang='lat' dir='ltr'>praeprimis</span> <span class='ocrx_word' id='word_1_316' title='bbox 684 4119 861 4205; x_wconf 82' lang='lat' dir='ltr'>conducit,</span> <span class='ocrx_word' id='word_1_317' title='bbox 894 4137 968 4186; x_wconf 91' lang='lat' dir='ltr'>cum</span> <span class='ocrx_word' id='word_1_318' title='bbox 998 4112 1182 4204; x_wconf 81' lang='lat' dir='ltr'>prqposita</span> <span class='ocrx_word' id='word_1_319' title='bbox 1195 4112 1342 4199; x_wconf 81' lang='lat' dir='ltr'>quaestio</span> <span class='ocrx_word' id='word_1_320' title='bbox 1375 4133 1444 4183; x_wconf 90' lang='lat' dir='ltr'>uon</span> <span class='ocrx_word' id='word_1_321' title='bbox 1471 4135 1554 4190; x_wconf 90' lang='lat' dir='ltr'>recte</span> <span class='ocrx_word' id='word_1_322' title='bbox 1576 4126 1723 4214; x_wconf 85' lang='lat' dir='ltr'>intelligi</span> <span class='ocrx_word' id='word_1_323' title='bbox 1753 4152 1852 4216; x_wconf 87' lang='lat' dir='ltr'>posse</span> <span class='ocrx_word' id='word_1_324' title='bbox 1879 4135 1987 4203; x_wconf 88' lang='lat' dir='ltr'>videa·</span> 
     </span>
     <span class='ocr_line' id='line_1_30' title="bbox 272 4199 1982 4335; baseline 0.018 -48"><span class='ocrx_word' id='word_1_325' title='bbox 272 4199 347 4304; x_wconf 83' lang='grc' dir='ltr'>ιιιι,</span> <span class='ocrx_word' id='word_1_326' title='bbox 372 4241 430 4291; x_wconf 89' lang='lat' dir='ltr'>nec</span> <span class='ocrx_word' id='word_1_327' title='bbox 454 4244 550 4294; x_wconf 91' lang='lat' dir='ltr'>verus</span> <span class='ocrx_word' id='word_1_328' title='bbox 574 4233 643 4315; x_wconf 81' lang='lat' dir='ltr'>eius</span> <span class='ocrx_word' id='word_1_329' title='bbox 670 4251 786 4304; x_wconf 88' lang='lat' dir='ltr'>sensus</span> <span class='ocrx_word' id='word_1_330' title='bbox 819 4234 959 4318; x_wconf 90' lang='lat' dir='ltr'>exponi,</span> <span class='ocrx_word' id='word_1_331' title='bbox 983 4233 1048 4299; x_wconf 90' lang='lat' dir='ltr'>nisi</span> <span class='ocrx_word' id='word_1_332' title='bbox 1065 4241 1266 4324; x_wconf 86' lang='lat' dir='ltr'>memoratae</span> <span class='ocrx_word' id='word_1_333' title='bbox 1293 4228 1394 4314; x_wconf 87' lang='lat' dir='ltr'>hujus</span> <span class='ocrx_word' id='word_1_334' title='bbox 1421 4233 1602 4315; x_wconf 87' lang='lat' dir='ltr'>plantatum</span> <span class='ocrx_word' id='word_1_335' title='bbox 1628 4245 1679 4310; x_wconf 90' lang='lat' dir='ltr'>vis</span> <span class='ocrx_word' id='word_1_336' title='bbox 1703 4246 1785 4314; x_wconf 84' lang='lat' dir='ltr'>ratio</span> <span class='ocrx_word' id='word_1_337' title='bbox 1807 4247 1982 4335; x_wconf 76' lang='lat' dir='ltr'>habeatur3</span> 
     </span>
     <span class='ocr_line' id='line_1_31' title="bbox 273 4319 1984 4450; baseline 0.019 -49"><span class='ocrx_word' id='word_1_338' title='bbox 273 4354 373 4417; x_wconf 91' lang='lat' dir='ltr'>quare</span> <span class='ocrx_word' id='word_1_339' title='bbox 405 4359 520 4424; x_wconf 91' lang='lat' dir='ltr'>operae</span> <span class='ocrx_word' id='word_1_340' title='bbox 550 4347 688 4427; x_wconf 90' lang='lat' dir='ltr'>pretium</span> <span class='ocrx_word' id='word_1_341' title='bbox 728 4351 835 4418; x_wconf 91' lang='lat' dir='ltr'>visum</span> <span class='ocrx_word' id='word_1_342' title='bbox 868 4365 918 4416; x_wconf 90' lang='lat' dir='ltr'>est</span> <span class='ocrx_word' id='word_1_343' title='bbox 945 4319 1161 4416; x_wconf 87' lang='lat' dir='ltr'>demonstrare</span> <span class='ocrx_word' id='word_1_344' title='bbox 1190 4344 1361 4429; x_wconf 85' lang='lat' dir='ltr'>praestitas</span> <span class='ocrx_word' id='word_1_345' title='bbox 1395 4348 1480 4416; x_wconf 90' lang='lat' dir='ltr'>lucis</span> <span class='ocrx_word' id='word_1_346' title='bbox 1519 4354 1646 4421; x_wconf 89' lang='lat' dir='ltr'>vlrcs&#39;</span> <span class='ocrx_word' id='word_1_347' title='bbox 1637 4377 1671 4424; x_wconf 91' lang='lat' dir='ltr'>m</span> <span class='ocrx_word' id='word_1_348' title='bbox 1695 4363 1892 4446; x_wconf 84' lang='lat' dir='ltr'>plantas,</span> <span class='ocrx_word' id='word_1_349' title='bbox 1884 4385 1984 4450; x_wconf 90' lang='lat' dir='ltr'>mque</span> 
     </span>
     <span class='ocr_line' id='line_1_32' title="bbox 270 4449 1982 4566; baseline 0.021 -50"><span class='ocrx_word' id='word_1_350' title='bbox 270 4449 383 4518; x_wconf 89' lang='lat' dir='ltr'>harum</span> <span class='ocrx_word' id='word_1_351' title='bbox 416 4455 650 4541; x_wconf 90' lang='lat' dir='ltr'>principiorum</span> <span class='ocrx_word' id='word_1_352' title='bbox 683 4465 910 4547; x_wconf 90' lang='lat' dir='ltr'>proximorum.</span> <span class='ocrx_word' id='word_1_353' title='bbox 937 4461 1151 4542; x_wconf 83' lang='lat' dir='ltr'>creationem,</span> <span class='ocrx_word' id='word_1_354' title='bbox 1179 4459 1306 4526; x_wconf 86' lang='lat' dir='ltr'>haud</span> <span class='ocrx_word' id='word_1_355' title='bbox 1297 4477 1479 4547; x_wconf 79' lang='lat' dir='ltr'>incongrue</span> <span class='ocrx_word' id='word_1_356' title='bbox 1508 4463 1664 4540; x_wconf 80' lang='lat' dir='ltr'>deducio</span> <span class='ocrx_word' id='word_1_357' title='bbox 1695 4475 1853 4562; x_wconf 90' lang='lat' dir='ltr'>stimulo,</span> <span class='ocrx_word' id='word_1_358' title='bbox 1885 4503 1982 4566; x_wconf 86' lang='lat' dir='ltr'>quem</span> 
     </span>
     <span class='ocr_line' id='line_1_33' title="bbox 268 4565 1983 4683; baseline 0.023 -55"><span class='ocrx_word' id='word_1_359' title='bbox 268 4565 449 4647; x_wconf 87' lang='lat' dir='ltr'>plantarum</span> <span class='ocrx_word' id='word_1_360' title='bbox 474 4569 614 4640; x_wconf 89' lang='lat' dir='ltr'>fabricae</span> <span class='ocrx_word' id='word_1_361' title='bbox 636 4577 693 4644; x_wconf 87' lang='lat' dir='ltr'>lux</span> <span class='ocrx_word' id='word_1_362' title='bbox 715 4579 850 4683; x_wconf 63' lang='lat' dir='ltr'>briccam</span> <span class='ocrx_word' id='word_1_363' title='bbox 881 4599 919 4650; x_wconf 88' lang='lat' dir='ltr'>eo</span> <span class='ocrx_word' id='word_1_364' title='bbox 942 4579 1059 4653; x_wconf 84' lang='lat' dir='ltr'>laetius</span> <span class='ocrx_word' id='word_1_365' title='bbox 1086 4575 1165 4670; x_wconf 87' lang='lat' dir='ltr'>mihi</span> <span class='ocrx_word' id='word_1_366' title='bbox 1198 4575 1276 4647; x_wconf 86' lang='lat' dir='ltr'>baec</span> <span class='ocrx_word' id='word_1_367' title='bbox 1302 4578 1466 4660; x_wconf 84' lang='lat' dir='ltr'>expositio</span> <span class='ocrx_word' id='word_1_368' title='bbox 1500 4584 1636 4672; x_wconf 87' lang='lat' dir='ltr'>arridet,</span> <span class='ocrx_word' id='word_1_369' title='bbox 1670 4610 1736 4674; x_wconf 91' lang='lat' dir='ltr'>quo</span> <span class='ocrx_word' id='word_1_370' title='bbox 1771 4596 1873 4682; x_wconf 88' lang='lat' dir='ltr'>magis</span> <span class='ocrx_word' id='word_1_371' title='bbox 1904 4579 1983 4670; x_wconf 89' lang='lat' dir='ltr'>haec</span> 
     </span>
    </p>
   </div>
   <div class='ocr_carea' id='block_1_5' title="bbox 264 4659 2049 4906">
    <p class='ocr_par' dir='ltr' id='par_1_5' title="bbox 264 4659 2049 4906">
     <span class='ocr_line' id='line_1_34' title="bbox 264 4659 1980 4874; baseline 0.022 -130"><span class='ocrx_word' id='word_1_372' title='bbox 264 4678 322 4754; x_wconf 70' lang='lat' dir='ltr'>uis</span> <span class='ocrx_word' id='word_1_373' title='bbox 350 4681 494 4755; x_wconf 80' lang='lat' dir='ltr'>effletur</span> <span class='ocrx_word' id='word_1_374' title='bbox 519 4692 689 4763; x_wconf 85' lang='lat' dir='ltr'>nonnullis</span> <span class='ocrx_word' id='word_1_375' title='bbox 707 4695 857 4784; x_wconf 85' lang='lat' dir='ltr'>Physicis</span> <span class='ocrx_word' id='word_1_376' title='bbox 877 4695 1000 4786; x_wconf 75' lang='lat' dir='ltr'>plantis</span> <span class='ocrx_word' id='word_1_377' title='bbox 1025 4659 1230 4874; x_wconf 55' lang='lat' dir='ltr'>detrabatgrs</span> <span class='ocrx_word' id='word_1_378' title='bbox 1266 4691 1404 4782; x_wconf 66' lang='lat' dir='ltr'>eiusque</span> <span class='ocrx_word' id='word_1_379' title='bbox 1425 4696 1595 4773; x_wconf 69' lang='lat' dir='ltr'>molimina</span> <span class='ocrx_word' id='word_1_380' title='bbox 1616 4705 1822 4796; x_wconf 80' lang='lat' dir='ltr'>negligantur</span> <span class='ocrx_word' id='word_1_381' title='bbox 1848 4715 1980 4802; x_wconf 89' lang='lat' dir='ltr'>saepius</span> 
     </span>
     <span class='ocr_line' id='line_1_35' title="bbox 1471 4831 2049 4906; baseline 0.021 -18"><span class='ocrx_word' id='word_1_382' title='bbox 1471 4877 1478 4892; x_wconf 91' lang='lat'><em>.</em></span> <span class='ocrx_word' id='word_1_383' title='bbox 1944 4831 1982 4906; x_wconf 90' lang='lat' dir='ltr'>in</span> <span class='ocrx_word' id='word_1_384' title='bbox 2046 4897 2049 4900; x_wconf 83' lang='grc'><strong>,</strong></span> 
     </span>
    </p>
   </div>
   <div class='ocr_carea' id='block_1_6' title="bbox 0 0 2478 6004">
    <p class='ocr_par' dir='ltr' id='par_1_6' title="bbox 0 0 2478 6004">
     <span class='ocr_line' id='line_1_36' title="bbox 0 0 2478 6004; baseline 0 0"><span class='ocrx_word' id='word_1_385' title='bbox 0 0 2478 6004; x_wconf 95' lang='lat' dir='ltr'> </span> 
     </span>
    </p>
   </div>
  </div>
 </body>
</html>
