4944 6010
528 478 577 573 αξ
725 477 871 556 Ἠ·
924 481 966 553 G.
1038 493 1164 552 tarr
1240 495 1360 546 ona
1431 413 1633 554 lt-oo'lt
1705 421 1961 557 MESilfl

524 689 530 731 1
570 674 736 745 Albumen
758 671 854 741 etiam
876 674 911 741 in
933 670 1049 739 multis
1076 669 1197 755 plantis
1233 667 1399 749 occurrit,
1436 668 1551 754 maiori
1576 673 1628 739 vel
1656 671 1774 740 minori
1792 673 1877 742 solis
1901 675 2038 744 efficacia
2061 679 2148 765 usisg
2171 679 2240 770 ja'm

526 793 671 862 illustres
697 790 877 874 Scheelg'us
904 802 935 856 et
960 789 1125 871 Fourcroy
1152 785 1235 851 hanc
1258 781 1420 850 materiem
1447 784 1481 851 in
1504 787 1729 873 compluribus
1762 788 1953 860 invenerunt
1978 795 2235 882 vegetabilibus3

527 909 613 977 banc
637 925 714 976 vero
740 905 812 972 aliis
835 904 970 973 dotibus
993 903 1184 969 instructam
1208 917 1281 967 esse
1301 898 1460 966 albumini
1483 889 1650 988 propriis,
1664 953 1668 958 .
1681 904 1755 970 dein
1780 905 1932 988 probavit
1952 905 2102 976 pomp,
2150 910 2236 979 Inte·

527 1022 590 1092 tim
614 1039 762 1108 magnam
788 1019 964 1086 albuminis
987 1017 1115 1101 copiam
1139 1007 1262 1083 invenit
1286 1017 1382 1104 (23)
1409 1015 1634 1104 Vauquelr‘nus
1658 1018 1692 1086 in
1720 1037 1824 1088 succo
1846 1021 1974 1106 lacteo,
2008 1024 2159 1093 Carricae
2179 1046 2236 1112 pa·

526 1155 650 1224 payae,
683 1137 812 1220 plantae
841 1131 1069 1214 Americanae,
1108 1145 1294 1214 tantamque
1328 1132 1503 1201 albuminis
1533 1135 1745 1218 quantitatem
1779 1137 1925 1234 continet
1955 1157 2077 1207 succus
2107 1139 2237 1210 fnrctus

525 1253 660 1326 Hibisci
684 1247 875 1331 esculenti,¹
895 1263 933 1313 ut
955 1249 1142 1332 depurando
1173 1248 1303 1332 impuro
1334 1248 1478 1317 sacchari
1512 1267 1635 1333 syrupo
1665 1254 1835 1322 commode
1863 1273 1962 1337 posse
1990 1253 2146 1324 inservire
2176 1259 2251 1326 do·¹

526 1368 630 1438 cuerit
652 1368 837 1436 clarckiur.
882 1361 985 1430 Porro
1012 1362 1047 1430 in
1073 1363 1196 1448 plantis
1223 1359 1410 1430 calidiomm
1438 1362 1607 1446 regionum
1644 1363 1763 1434 incolis
1795 1368 1988 1436 invenerunt
2021 1369 2170 1440 Chemici
2196 1371 2237 1463 fig

523 1485 655 1554 brinam
681 1497 725 1548 et·
739 1479 931 1565 gelatinam3
963 1478 1046 1545 banc
1072 1480 1156 1545 enim
1185 1476 1411 1568 Vauqucllnus
1434 1492 1469 1543 et
1493 1477 1691 1546 Fourcrolus
1713 1482 1902 1549 detexerunt
1925 1485 1960 1551 in
1981 1487 2105 1571 polline
2129 1483 2252 1558 eloe·

528 1599 612 1678 uicis
637 1593 865 1680 Dactiliferae,
888 1593 976 1662 illam
1001 1594 1226 1690 Vauqurlioas
1244 1597 1279 1664 in
1301 1573 1412 1690 eodem
1440 1614 1543 1666 succo
1567 1595 1716 1666 Carricae
1738 1597 1882 1685 Papayae
1900 1599 2007 1690 (24).

1308 1837 1341 1918 ς.
1389 1827 1441 1918 1'3.

471 2041 472 2044 Ὺ
571 2063 762 2147 Amylaceae
783 2062 954 2143 materiae,
986 2059 1128 2143 quaein
1149 2057 1278 2126 intimis
1304 2060 1533 2147 vegetabilium
1561 2051 1662 2143 quasi
1682 2055 1819 2128 cellariis
1851 2069 1983 2144 paratur
2003 2072 2037 2126 et
2066 2073 2229 2144 servatur,

524 2190 567 2244 ut
590 2176 717 2246 futurae
735 2177 901 2262 plantulae
919 2185 1085 2240 constans
1113 2187 1145 2240 et
1170 2173 1330 2258 optimum
1355 2176 1503 2260 praebeat
1526 2159 1784 2258 nutrimentum,
1815 2176 1902 2261 larga
1927 2153 2234 2259 eopia'contineru'r

526 2292 563 2358 in
585 2291 768 2358 seminibus
786 2263 1004 2370 ‘Cerealibus,
1027 2301 1065 2354 ut
1080 2301 1113 2355 ct
1131 2286 1164 2354 in
1183 2291 1364 2370 plantarum
1384 2289 1573 2373 radicibus,
1596 2289 1731 2370 bulbis,
1754 2287 1948 2370 tuberibus,
1970 2301 2003 2374 et
2028 2289 2062 2354 in
2081 2287 2136 2353 ita'
2148 2287 2235 2354 dieta

531 2405 684 2474 arborum
710 2407 957 2472 medullatum
985 2401 1083 2470 variis
1108 2399 1249 2470 materiis
1273 2407 1455 2491 conjuncta
1481 2410 1538 2473 vel
1570 2407 1668 2473 mixta
1695 2404 1846 2472 occurrit
1876 2405 1979 2491 (as).
2033 2401 2086 2470 Sic
2119 2403 2155 2468 iu
2184 2417 2236 2468 su·

530 2520 677 2588 minibus
695 2540 770 2587 cum
787 2519 935 2605 glutine,
952 2518 1261 2603 muto-saeclum,
1285 2523 1377 2604 oleo,
1403 2523 1436 2588 in
1450 2522 1564 2606 bulbis
1574 2538 1608 2589 et
1619 2520 1783 2590 radicibus
1801 2517 1875 2586 cum
1889 2518 2094 2602 mutilagine.
2128 2514 2235 2599 llmy·

428 2623 431 2628 ⁸
527 2641 599 2706 lum
619 2635 743 2721 profert
771 2633 877 2702 omnis
897 2634 1005 2720 regio,
1029 2647 1062 2699 et
1079 2633 1221 2703 Borutlis
1238 2650 1279 2702 et
1303 2635 1551 2720 Meridionalis3
1583 2652 1707 2721 quanta
1737 2633 1839 2718 'amyli
1872 2633 1970 2717 copia
2006 2632 2127 2716 repleta
2158 2635 2237 2697 sunt

525 2752 697 2832 triticum,
721 2750 846 2831 secale,
870 2746 1186 2831 sobna-tuberum,
1217 2749 1252 2817 in
1279 2750 1469 2821 Borealibus
1494 2755 1600 2841 plagis
1630 2753 1799 2820 luxuriose
1824 2752 1934 2832 culta,
1961 2750 2048 2817 haud
2072 2769 2142 2818 raro
2162 2747 2239 2816 reli·

523 2861 606 2952 quis
636 2863 887 2950 praestantiora‘l
935 2845 1090 2945 Contra,
1115 2879 1274 2946 qnantum
1299 2870 1398 2954 amyli
1421 2845 1574 2954 praebent
1603 2868 1726 2936 radices
1756 2863 1911 2932 Orcbidis
1935 2865 2116 2947 masculae,
2147 2863 2238 2933 bifo-

525 2983 615 3063 liae,
646 2977 885 3065 pyramidalis,
918 2991 1078 3061 quantum
1111 2980 1269 3048 medullae
1301 2985 1428 3052 Palmae
1464 2983 1650 3067 farinariae,
1677 2998 1710 3050 et
1739 3001 1860 3051 succus
1884 2993 2065 3048 venenatus
2090 2979 2236 3047 radicum

527 3092 918 3180 larrophae·Manilr0e,-
936 3111 975 3159 ex
1002 3111 1069 3176 quo
1090 3112 1205 3177 panem
1237 3097 1417 3166 conficiunt
1450 3097 1647 3174 Americani.
1704 3096 1753 3167 Ut
1769 3115 1852 3164 aero
1876 3094 2095 3177 caeterorum,
2123 3095 2237 3163 sicet

528 3211 628 3296 hujus
652 3207 805 3294 principii
840 3225 908 3275 non
936 3225 1032 3274 unam
1061 3208 1123 3274 sed
1157 3209 1314 3293 plurimas
1340 3214 1464 3297 species
1496 3213 1603 3299 gignit
1633 3215 1760 3282 natura·
1810 3211 1949 3278 Videtur
1972 3211 2065 3277 ‘enim
2093 3213 2235 3296 amylum

512 3315 704 3400 'calidarum
732 3323 903 3410 regionum
938 3323 1041 3408 magis
1068 3324 1215 3390 accedere
1237 3329 1277 3392 ad
1307 3329 1533 3414 mucilaginem
1561 3344 1593 3395 ct
1618 3329 1747 3398 facilius
1775 3328 1811 3394 in
1843 3345 1927 3409 aqua
1952 3325 2068 3394 solvit
2099 3325 2237 3392 efficitur

529 3445 612 3512 hauc
631 3440 843 3508 mutationem
867 3437 1027 3504 efficacius
1046 3439 1133 3506 solis
1150 3438 1426 3509 irritamentum?
1447 3456 1557 3526 potest
1580 3441 1720 3524 efficere3
1752 3459 1825 3507 nam
1851 3439 2033 3508 Cerealium
2057 3439 2178 3506 semina
2201 3455 2235 3508 et
2306 3487 2308 3490 -

528 3559 607 3628 Plsa
624 3573 657 3623 et
674 3556 800 3639 Fabae,
823 3555 900 3620 dum
920 3552 1121 3638 germinant,
1144 3555 1359 3638 dulcescunt,
1379 3570 1413 3622 et
1430 3557 1532 3625 simul
1553 3533 1818 3641 mucilaginosam
1836 3533 1987 3623 indolem·
1995 3554 2097 3639 magis
2116 3553 2235 3641 magis·

532 3692 596 3757 que
622 3672 781 3753 induunt,
808 3668 939 3748 interim
961 3669 1017 3734 hle
1045 3671 1284 3737 memorandum
1308 3684 1381 3752 est,
1416 3669 1534 3738 Solane
1553 3651 1708 3738 tuberosa
1734 3672 1808 3755 gelu
1834 3669 1947 3737 affecta
1971 3669 2125 3754 ingratam
2155 3667 2236 3738 con-¹

528 3790 652 3859 trahere
670 3787 894 3870 dulcedinem,
923 3798 954 3852 ct
978 3783 1099 3854 semina
1122 3787 1224 3853 Zaeae
1244 3785 1362 3870 Mays,
1385 3800 1417 3852 et
1439 3771 1581 3872 Tritici,
1603 3789 1679 3856 dum
1692 3763 1914 3886 revolvuntur,
1937 3782 2235 3868 mutilagineaesse

521 3914 560 3974 ct
585 3902 709 3985 dulcia,
731 3903 863 3988 plenius
888 3915 995 3971 autem
1018 3902 1150 3972 evoluta
1176 3899 1245 3970 lieri
1270 3903 1430 3988 amylacea
1451 3902 1556 3990 (26).

2126 4013 2234 4082 uun·

555 4237 633 4306 (aa)
650 4239 740 4289 nous.
754 4237 785 4292 z.
805 4237 837 4290 b.
859 4253 886 4303 p.
901 4247 957 4300 rsa.
988 4237 1120 4301 aaron,
1143 4235 1205 4300 syn.
1226 4235 1254 4286 dr
1276 4239 1347 4288 cm
1369 4235 1445 4290 cttn.
1463 4245 1530 4288 tom.
1542 4231 1611 4286 vm.
1635 4247 1663 4296 p.
1678 4229 1720 4294 ta.
1756 4229 1895 4297 mutua,
1919 4229 2054 4284 omitia.
2077 4226 2118 4281 dtr
2139 4228 2229 4283 [rm

524 4335 605 4394 grue
622 4347 648 4395 a·
665 4343 723 4390 aaa·
1079 4343 1081 4348 ·
2156 4322 2160 4328 '

559 4421 636 4489 (at)
652 4425 740 4476 nans.
759 4420 789 4474 L.
805 4425 835 4477 t.
859 4439 886 4486 p.
904 4425 958 4485 138.

558 4513 638 4579 (25)
658 4516 785 4572 llum.
802 4514 834 4564 t.
853 4531 879 4578 p.
894 4517 924 4576 ts
938 4529 992 4580 req.
1024 4511 1139 4568 lbani.
1155 4510 1237 4568 M.
1252 4527 1283 4579 p.
1299 4515 1345 4574 tu
1359 4525 1417 4580 reg.
1444 4513 1532 4570 oruc
1547 4509 1625 4564 M.
1641 4524 1669 4574 p.
1685 4522 1713 4560 ar
1729 4519 1805 4572 acu,

553 4605 634 4673 (aa)
648 4607 759 4660 orrum
773 4606 804 4661 t.
819 4611 850 4660 ι..
869 4617 896 4673 p.
911 4612 930 4663 r.
