4944 6010
578 537 1166 634 quMEureTIO
1241 533 1603 630 citemus,
1899 543 2012 646 29¹.

244 743 324 810 nutu
350 751 538 816 occurrere,
567 733 615 800 sie
633 727 691 802 'uti
716 730 750 796 in
766 729 883 814 visc03
915 731 1058 815 quodsi
1084 750 1160 804 vero
1192 733 1290 822 inliis
1318 750 1491 819 occurrat,
1521 735 1689 820 quantitas
1716 729 1792 806 sane'
1809 753 1859 806 est
1882 741 1947 810 exi·

247 870 331 938 gua3
355 852 389 918 in
405 853 507 916 Visco
532 849 699 914 inventum
718 845 935 914 Caoutchouc
957 865 993 912 ea
1010 845 1122 915 forsan
1146 847 1290 918 habenda
1311 865 1360 918 est
1391 851 1540 920 materies
1567 871 1585 918 a
1608 851 1813 944 Vauquciino
1838 855 1945 926 inves-

248 967 367 1050 tigata,
390 964 423 1030 in
449 963 591 1030 Robinia
614 963 741 1029 viscosa
762 962 892 1028 Lichici
911 961 1067 1043 viscaria,
1091 962 1154 1028 sub
1174 964 1272 1033 titulo
1295 965 1365 1032 Glu
1386 967 1498 1053 (38).

289 1072 691 1164 resupinandum,
714 1079 896 1161 plantarum
923 1075 1015 1160 quasi
1044 1079 1186 1144 sceleton
1212 1078 1437 1164 constituens,
1470 1079 1591 1162 liores,
1620 1079 1779 1164 fructus,
1804 1082 1963 1168 radices,·

248 1195 348 1274 iolia,
370 1201 499 1276 ramos,
520 1193 692 1278 praecipue
712 1209 865 1260 truncum
890 1191 1090 1277 ingreditur,
1113 1198 1270 1278 omnique
1296 1195 1425 1279 regione
1445 1195 1542 1262 facile
1562 1198 1765 1278 producitur.
1809 1180 1950 1267 Difficile

246 1324 298 1378 est
320 1311 359 1376 de
380 1308 508 1376 materia
530 1311 696 1376 colorante
720 1311 893 1392 disserere3
920 1308 1026 1392 qualis
1044 1308 1130 1374 enim
1155 1309 1198 1374 sit
1219 1309 1363 1378 nondum
1384 1309 1487 1393 probe
1508 1309 1675 1378 novimus.
1720 1313 1757 1380 ln
1773 1330 1811 1380 eo
1838 1330 1947 1381 autem

246 1423 380 1512 plurimi
401 1423 550 1492 Chemici
572 1425 803 1506 consentiunt,
821 1441 892 1490 esse
917 1423 950 1491 in
973 1422 1093 1507 plantis
1115 1422 1274 1488 materiem
1298 1423 1493 1507 quamdam,
1525 1443 1543 1490 a
1569 1443 1634 1508 qua
1659 1427 1879 1508 proficiscitur
1894 1445 1951 1496 va-

246 1542 317 1610 rius
339 1523 452 1608 harum
475 1541 614 1624 partium
639 1540 753 1622 color,
775 1555 879 1622 neque
903 1549 1027 1606 tantum
1053 1555 1123 1604 esse
1149 1549 1242 1604 unam
1269 1537 1433 1620 speciem,
1459 1539 1516 1606 sed
1536 1540 1654 1606 multas
1680 1540 1777 1616 variis
1802 1543 1961 1626 proprio.

248 1657 372 1727 tatibus
397 1649 416 1722 a'
440 1639 633 1721 seinvicem
659 1651 802 1722 diversas
827 1656 935 1739 (39).
978 1654 1042 1720 Est
1071 1667 1177 1720 autem
1204 1654 1348 1720 nondum
1379 1671 1418 1720 eo
1442 1667 1654 1737 perventum,
1686 1667 1724 1718 ut
1747 1653 1827 1720 haec
1850 1671 1950 1724 mate·

249 1772 313 1842 ties
333 1791 351 1838 a
368 1769 504 1851 reliquis
527 1767 699 1853 principiis
714 1767 957 1834 adhaerentibus
971 1767 1127 1834 habeatur
1142 1770 1316 1852 depurata;
1340 1766 1453 1834 scribit
1477 1767 1549 1850 ipse
1566 1767 1758 1838 Thenardur
1774 1771 1948 1840 etiamnum

249 1897 315 1954 tres
333 1903 404 1952 esse
418 1883 563 1949 materies
576 1884 779 1963 colorantes,
799 1901 881 1966 quae
896 1901 997 1965 purae
1010 1882 1170 1965 existant3
1194 1899 1248 1948 eae
1263 1897 1341 1948 sunt
1368 1886 1405 1968 r)
1421 1881 1555 1965 indigo,
1580 1863 1849 1967 a)eamateries,
1865 1905 1960 1968 quaa

250 2021 290 2070 ex
303 1999 541 2082 troematoayto
557 1997 802 2080 Campechiano
812 1997 951 2062 trahitur
967 1996 1189 2083 (Hematine)
1206 2011 1238 2064 et
1257 1999 1295 2081 3)
1306 2015 1388 2078 quae
1404 2010 1533 2079 paratur
1548 2013 1588 2064 ex
1601 1995 1778 2064 Carthamo
1795 1999 1954 2070 tinctorio

248 2116 412 2201 (couleur
428 2131 527 2197 rouge
552 2111 591 2178 dc
614 2111 818 2197 cartham)
850 2111 957 2197 (40).
1010 2111 1172 2178 Enarrant
1198 2111 1411 2195 proprietates
1445 2111 1624 2193 quasdam,
1656 2129 1737 2194 quae
1769 2127 1949 2198 competere

249 2229 402 2298 videntur
418 2225 557 2292 materiis
576 2224 927 2307 colorantibus(41).
969 2224 1055 2292 Cum
1071 2227 1181 2308 itaque
1198 2225 1236 2292 de'
1253 2225 1324 2308 ipsa
1342 2223 1470 2290 materia
1490 2224 1628 2290 multum
1650 2225 1717 2306 sit,
1741 2229 1832 2312 quod
1855 2227 1955 2313 iguo·-¹

247 2363 382 2428 ramus,
405 2339 533 2408 difficile
555 2353 605 2406 est
625 2339 821 2424 dijudicare,
846 2338 925 2420 quid
946 2337 1053 2408 variae
1075 2341 1156 2407 solis
1183 2339 1268 2406 vites
1291 2339 1326 2406 in
1345 2338 1595 2438 eam-efficiant3
1628 2351 1758 2404 constat
1783 2355 1890 2409 autem
1913 2343 1957 2414 in-

249 2459 294 2532 iis
317 2457 524 2543 regionibus,
557 2471 638 2536 quaa
665 2455 723 2520 lun
740 2451 858 2536 amplis
876 2453 979 2520 radiis
1001 2455 1194 2535 collustrat,
1220 2455 1349 2521 colores
1376 2452 1443 2521 fieri
1463 2451 1691 2540 pulchriores,
1721 2452 1877 2542 ditiores,
1901 2455 1957 2527 vi-

251 2573 418 2652 ridiores,
453 2582 575 2650 eosque
598 2568 745 2634 imminui
763 2570 799 2634 in
821 2566 1008 2652 regionibus
1025 2565 1228 2636 borealibus.
1309 2632 1325 2645 ,

296 2689 413 2769 ltaque
425 2684 590 2766 vidimus,
609 2684 669 2752 alia
682 2701 752 2764 esse
765 2683 926 2767 principia
944 2682 1046 2768 magis
1061 2684 1191 2766 propria
1202 2682 1496 2768 Meridionalibus,
1514 2687 1576 2754 alia
1591 2685 1802 2770 B‘otealibus,
1818 2689 1954 2758 horum·

254 2819 320 2887 quc
334 2797 567 2884 principiorum
579 2799 790 2880 quantitatem
804 2814 837 2865 et
853 2798 1019 2878 indolem,
1041 2815 1182 2880 cumque
1195 2797 1266 2864 aliis
1285 2797 1478 2864 materiebus
1493 2802 1649 2882 copulas,
1668 2821 1739 2870 esse
1756 2803 1897 2872 diversas
1915 2805 1955 2874 iu

255 2914 392 2984 diversis
415 2911 617 2998 regionibus.
662 2913 791 2980 ldvero
805 2931 873 2980 non
891 2912 936 3008 ita
953 2928 1121 2995 acceptum
1137 2913 1315 2994 volumus,
1341 2929 1377 2978 ac
1393 2911 1421 2977 si
1440 2928 1533 2980 omne
1547 2911 1783 2996 principiorum
1799 2935 1954 2986 memora·
2044 2999 2050 3016 .

256 3044 367 3098 uorum
384 3025 557 3096 discrimen
581 3026 801 3092 adscribamus
823 3027 1001 3112 majoribus
1019 3026 1275 3094 minodbusvea
1289 3027 1360 3093 sole
1375 3023 1539 3108 praestitis
1564 3025 1702 3092 vitibus.
1746 3031 1871 3098 Contra
1883 3049 1952 3104 non

254 3159 306 3214 est
316 3143 385 3210 'cu'r
393 3159 569 3226 negemus,
592 3141 751 3224 eiusmodi
769 3140 908 3209 materiei
926 3141 1116 3227 vegetabilis
1137 3139 1316 3208 discrimini
1338 3129 1504 3208 efficiendo
1525 3157 1600 3206 suaa
1617 3155 1725 3224 partes
1746 3161 1848 3226 posse
1875 3161 1955 3215 con-

257 3257 340 3326 ferte
353 3257 516 3324 diuersum
536 3255 666 3337 solum,
688 3255 854 3322 diversum
868 3255 957 3337 aira,
980 3256 1136 3322 diversam
1151 3254 1401 3336 humiditatem,
1417 3274 1435 3321 a
1452 3272 1545 3336 rore,
1567 3254 1701 3337 pluvia,
1725 3271 1781 3336 aut
1794 3259 1954 3342 ejusmodi

255 3349 330 3440 aliis
348 3370 514 3439 oriundam
530 3370 645 3456 (42);
669 3368 875 3452 suspicamur
892 3370 1048 3452 omnino,
1076 3385 1193 3437 cuncta
1210 3369 1311 3450 haee,
1336 3369 1435 3435 sivel
1452 3367 1548 3452 topia
1568 3370 1620 3438 vel
1649 3369 1764 3438 indole
1783 3371 1955 3458 differant,

255 3486 342 3556 varia
360 3483 534 3552 rationein
555 3483 781 3568 vegetabilium
802 3497 997 3550 smucnrtam
1018 3501 1130 3568 agere,
1154 3499 1252 3565 qume
1273 3481 1399 3570 etiamsi
1424 3479 1524 3548 nobis
1544 3501 1734 3566 persuasum
1755 3485 1955 3572 habeamus,

255 3605 432 3670 maximum
452 3596 686 3680 principiorum
707 3598 879 3668 discrimen
905 3600 982 3666 oriri
999 3616 1016 3665 a
1033 3597 1184 3678 vitibus,
1205 3615 1287 3677 quas
1311 3596 1452 3664 diversas
1470 3595 1606 3664 diversis
1629 3597 1663 3664 in
1684 3598 1783 3666 terris
1800 3603 1852 3667 soi
1867 3619 1956 3686 praa·

252 3727 338 3796 stat,
369 3711 468 3782 uobis
496 3724 603 3784 tameo
634 3733 784 3782 cavemus
810 3733 829 3780 a
858 3733 939 3798 vaga
969 3727 1001 3780 et
1032 3711 1129 3780 dubia
1160 3710 1384 3780 conclusione.
1437 3709 1533 3778 blanc
1560 3729 1630 3778 rem.
1657 3713 1854 3798 percipimus
1885 3735 1955 3788 non
2003 3731 2012 3740 ·

255 3839 356 3912 posse
374 3825 482 3904 dirimi
502 3840 559 3892 aut
584 3829 624 3894 ad
650 3827 811 3910 liquidum
838 3825 995 3911 perduci,
1026 3825 1089 3900 nisi
1109 3839 1142 3891 et
1167 3825 1277 3905 plures
1300 3826 1426 3906 plantae
1449 3839 1480 3890 et
1503 3825 1537 3892 in
1550 3827 1735 3908 ‚quibusvis
1763 3829 1952 3914 regionibus

255 3939 397 4012 nemini
413 3940 816 4028 eradico-subjiciantur,
839 3957 871 4009 et
888 3939 997 4010 ubivis
1015 3939 1093 4030 fiartt
1107 3939 1274 4028 pericula,
1300 3936 1441 4006 exotium
1464 3941 1824 4028 plantassubiitdem,
1852 3964 1956 4028 quan.

463 4071 467 4081 .
1884 4069 1954 4138 m

263 4244 360 4340 om)
380 4269 466 4320 nona
482 4269 512 4320 L.
528 4271 556 4337 L,
572 4285 599 4332 p.
613 4283 670 4328 atr.

250 4359 261 4427 ι
286 4357 358 4426 (³9)
370 4354 500 4424 'ib-nm,
517 4363 577 4424 Syn.
589 4357 625 4412 du
639 4365 745 4417 emata.
757 4359 855 4428 Chim,
870 4377 932 4420 tom.
946 4365 1017 4422 Vll&
1033 4383 1060 4432 p·
1077 4380 1107 4428 ςο
1119 4375 1173 4434 teg.
1206 4361 1327 4431 neure,
1348 4367 1373 4424 i..
1388 4369 1416 4422 l.
1434 4381 1465 4434 pu
1477 4361 1536 4429 aa}

258 4453 265 4482 ³
291 4460 362 4514 (ω)
381 4451 501 4516 nsueti,
516 4453 546 4506 L.
560 4451 590 4506 L.
607 4469 635 4517 p.
650 4467 705 4518 291.

285 4540 359 4604 (41)
378 4545 496 4609 nauare,
514 4547 543 4598 1.
558 4543 588 4596 L.
604 4561 622 4609 p
645 4557 689 4611 apt
704 4559 759 4612 aeq
791 4539 871 4602 ἣκει.
884 4547 915 4604 1..
930 4551 962 4603 L.
979 4565 1006 4614 p.
1020 4553 1138 4614 54-ίῆ

286 4629 360 4698 (μ)
375 4637 405 4691 ιι.
419 4639 516 4701 nure,
533 4641 630 4692 osam.
644 4640 672 4693 ds
685 4639 830 4705 malm
846 4655 929 4706 caen,
944 4657 973 4708 p·
992 4653 1113 4708 pp-tt.

1133 4784 1207 4870 Da
