4944 6010
498 509 593 712 '2ss
780 517 828 588 n.
890 511 941 585 'C.
1013 529 1137 602 yart
1207 533 1327 586 nnn
1394 509 1606 595 BOOK
1676 515 1931 604 MESCH

499 709 629 790 fletam,
651 704 756 776 varias
782 707 910 790 plantas
928 706 1015 778 varie
1039 707 1182 791 afficere,
1211 710 1384 793 variosque
1404 709 1439 778 in
1462 708 1639 785 ils'motus
1662 729 1695 784 et
1718 717 1854 788 effectus
1880 731 2081 808 provocarea
2113 743 2215 804 nnn

498 845 540 895 ve
558 826 815 906 contendemus,
841 823 983 895 colorem
1003 825 1185 908 plantarum
1205 825 1340 894 viridem
1357 825 1438 894 effici
1464 830 1553 901 radio
1582 832 1752 915 violaceo,
1784 833 1917 920 surgas
1945 839 2142 924 oxygonium
2167 865 2210 920 ex

499 940 622 1025 plantis
647 940 766 1024 expelli
791 941 881 1008 radio
906 939 1189 1025 desorygenante,
1216 941 1289 1010 sive
1318 940 1488 1027 ehemie03
1521 945 1652 1034 huncne
1674 947 1865 1018 habebimus
1895 949 2079 1038 principem·
2095 973 2228 1027 aucto-2

501 1077 566 1126 rent
586 1058 777 1143 quatumvis
812 1057 1053 1140 mutationum,
1085 1077 1166 1142 quas
1196 1059 1253 1126 lux
1284 1060 1467 1142 plantatum
1498 1059 1603 1127 indoli
1624 1060 1770 1147 inierat3
1802 1081 1843 1131 an
1870 1081 1947 1132 cum
1978 1064 2021 1133 ils
2045 1067 2222 1151 metentur,

503 1173 561 1258 qui
586 1175 692 1240 lucem
713 1173 869 1242 affirmant
886 1171 1050 1242 absorberi
1073 1193 1092 1250 a
1114 1174 1258 1258 plantis,
1281 1187 1314 1243 et
1338 1194 1404 1243 eam
1421 1191 1535 1250 rursus
1559 1179 1697 1264 expelli,
1721 1195 1796 1246 cum
1817 1179 1946 1263 plantae
1962 1181 2207 1258 comburantur.

497 1289 584 1377 Quis
612 1303 684 1376 est,
709 1290 768 1374 qui
795 1291 871 1358 haec
893 1287 1042 1372 dirimat,
1068 1303 1124 1356 aut
1147 1291 1317 1376 negando,
1340 1305 1398 1358 aut
1419 1291 1616 1362 affirmando.
1661 1289 1779 1362 Tantis
1805 1292 1914 1361 dubiis
1943 1296 2021 1364 dum
2049 1301 2217 1382 premitur·

498 1405 577 1474 haec
601 1423 670 1488 tes,
701 1424 810 1474 nonne
833 1417 974 1489 praestat
997 1403 1093 1470 etiam
1114 1423 1203 1473 nunc
1222 1408 1356 1492 gradum
1382 1407 1554 1493 cohibere,
1585 1427 1693 1494 quam,
1713 1425 1772 1492 per
1800 1408 1947 1476 tenebras
1980 1409 2125 1498 illidere,
2149 1427 2207 1482 sua

482 1507 622 1608 ‘praque
651 1522 780 1590 dubiam
820 1519 1020 1606 hypothesin
1060 1521 1263 1592 incertiorem
1307 1541 1459 1608 struere3
1492 1527 1570 1592 dum
1603 1543 1663 1609 per
1693 1525 1908 1608 experimenta
1945 1511 2091 1610 grauiora
2124 1529 2206 1598 huic

497 1635 688 1726 problemati
711 1637 816 1724 major
841 1636 908 1704 dies
933 1637 1102 1704 affulserit.
1155 1639 1286 1709 Etenim
1311 1639 1460 1724 quamvis
1484 1654 1636 1721 constet,
1664 1639 1826 1724 praeclara
1857 1655 1930 1708 esse
1963 1640 2223 1729 experimenta,-

498 1771 677 1840 quaecum
699 1755 774 1821 luce
799 1766 831 1824 et
849 1742 1046 1837 corporibus
1066 1749 1241 1822 fossilibus
1262 1755 1416 1824 instituta
1440 1767 1518 1820 sunt
1542 1773 1561 1821 a
1585 1751 1758 1838 Physicis,
1780 1751 1889 1820 varios
1907 1752 2006 1823 'lucis
2025 1755 2130 1836 radios
2143 1767 2216 1828 aut‘
2326 1808 2336 1832 ,

496 1884 605 1956 partes
631 1869 802 1936 absorbere
825 1867 952 1958 diversa
972 1867 1158 1952 mineralia,
1189 1871 1302 1940 nescio
1335 1885 1442 1936 tamen
1466 1887 1508 1936 an
1533 1869 1567 1935 id
1592 1870 1648 1954 jus
1674 1865 1750 1934 inde
1775 1880 2045 1958 exsurgam-quo
2061 1871 2106 1936 ad
2127 1891 2219 1940 eor-2

352 1977 357 1987 '
496 2003 578 2070 pora
609 1982 684 2050 viva
715 1982 756 2050 ab
785 1982 983 2069 inorganicis
1012 1999 1193 2070 repetamus
1226 1999 1329 2052 tutam
1355 1982 1628 2066 conclusionem
1662 1979 1839 2064 nimirum,
1873 1981 2044 2066 meipsius
2072 1984 2203 2068 quidem

380 2157 383 2164 .
495 2095 549 2168 nis
567 2096 678 2166 vitalis
694 2082 827 2166 'ratione
847 2097 977 2182 habita,
1000 2117 1095 2168 nemo
1121 2099 1306 2185 ignorabit,
1333 2098 1504 2166 discrimen
1530 2115 1683 2180 magnum
1703 2095 1897 2163 intercedere
1918 2097 2003 2164 inter
2023 2101 2207 2183 plantarum

434 2233 437 2240 ⁴
495 2209 651 2288 fabricam
668 2223 701 2276 et
717 2208 945 2278 mineralium.‘
977 2209 1159 2293 Praeterea,
1183 2229 1257 2277 cum
1275 2211 1424 2278 lubenter
1445 2211 1683 2291 concedamus,
1717 2210 1859 2295 alicujus
1890 2225 1963 2276 esse
1990 2209 2144 2282 momenti
2165 2233 2202 2284 ea

494 2325 661 2413 pericula,
685 2341 767 2407 quae
791 2321 870 2392 fecit
892 2323 944 2392 itt.
971 2322 1173 2393 Scaebierius
1199 2327 1235 2392 ln
1260 2325 1421 2410 expositis
1442 2327 1541 2396 variis
1567 2325 1670 2412 Lucis
1692 2323 1789 2392 radiis
1811 2324 1948 2392 diversis
1972 2327 2092 2408 plantis
2117 2330 2217 2393 mul·-

494 2433 626 2526 tiplicas
651 2453 682 2506 et
703 2431 925 2508 memorabiles
948 2440 1099 2508 obtinens
1125 2433 1283 2522 effeetus,
1313 2441 1426 2510 nescio
1450 2461 1490 2510 an
1522 2441 1597 2507 inde
1620 2449 1691 2522 jure
1720 2452 1778 2504 aut
1812 2455 1894 2504 cum·
1910 2439 2101 2506 certitudine
2124 2459 2206 2524 pos·

494 2558 600 2626 simus
621 2545 797 2637 affirmare',
819 2549 953 2621 easdem
966 2557 1115 2639 plantas,
1148 2557 1252 2639 quum
1281 2558 1460 2624 seeundum
1491 2570 1583 2622 suam
1608 2567 1755 2622 naturam
1781 2551 1916 2635 vivant,
1947 2566 1980 2619 et
2005 2555 2079 2620 luce
2101 2555 2206 2624 solari

498 2668 688 2742 naturaliter
713 2664 883 2750 fruantur,
907 2667 1039 2737 eosdem*
1059 2669 1166 2738 radios
1188 2669 1322 2754 eligere,
1352 2669 1537 2753 exquibus
1563 2666 1678 2734 electis
1703 2685 1838 2748 omnes,
1868 2685 1954 2750 quos
1985 2669 2088 2736 edunt
2114 2672 2220 2754 ejus-‘0

497 2787 588 2856 modi
612 2784 741 2869 plantae
766 2781 922 2866 effectus,
947 2780 1080 2867 possint
1103 2783 1221 2851 deduci
1242 2798 1275 2851 et
1293 2783 1428 2871 exponi.
1472 2782 1539 2853 Vix
1555 2782 1635 2850 mihi
1661 2783 1749 2850 aliud
1771 2782 1854 2867 quid
1876 2783 1954 2850 haec
1970 2783 2203 2856 -Senebieriana

494 2900 710 2985 experimenta
731 2895 882 3004 videntur
905 2895 1065 2980 probare,
1089 2911 1185 2980 quam
1205 2896 1297 2977 quod
1323 2913 1374 2964 tes
1393 2895 1452 2963 ita
1465 2913 1535 2965 sese
1556 2893 1672 2964 hahere
1691 2911 1803 2986 queat.
2109 2913 2113 2920 ·
2170 2915 2174 2921 -
2208 2915 2212 2927 ·

539 3015 625 3084 Nam
656 3010 969 3079 animadvertendum
994 3010 1150 3093 videtur,
1178 3005 1314 3092 luc'em,
1345 3009 1374 3076 sl
1397 3009 1431 3078 in
1453 3011 1580 3094 plantas
1605 3014 1722 3095 cadat,
1754 3013 1817 3080 etsi
1847 3013 1933 3081 varie
1960 3013 2198 3100 compositam,

495 3149 568 3200 esse
598 3145 702 3198 uuum
717 3165 720 3185 ι
738 3145 887 3212 corpus,
918 3127 1009 3210 quod
1037 3125 1123 3193 vires
1145 3127 1272 3213 jamjam
1295 3124 1389 3210 prius
1428 3125 1463 3196 in
1491 3124 1620 3208 plantas
1644 3143 1806 3210 exerceat,
1839 3143 1936 3212 quam
1968 3129 2026 3196 hae
2051 3128 2216 3212 aliquam'

495 3245 600 3330 ipsius
625 3258 747 3328 partem
766 3241 980 3346 absorbeant,
1010 3240 1210 3308 assumanta'
1231 3259 1300 3310 non
1324 3242 1452 3323 obstat,
1485 3258 1559 3308 cum
1582 3242 1686 3310 lucem
1722 3231 1893 3312 habeamus
1922 3250 2044 3329 cot‘pus
2063 3263 2202 3330 compo·

494 3359 617 3442 altum,
641 3351 826 3444 quominus
839 3355 977 3434 cacitata
994 3355 1089 3436 luce,
1111 3371 1177 3440 qua
1202 3356 1283 3438 tall,
1306 3357 1486 3440 plantantm
1511 3357 1598 3424 varia
1617 3377 1736 3444 organa
1755 3359 1984 3442 absorbentia,
2012 3359 2082 3427 sive
2097 3360 2201 3429 caulis

492 3477 565 3546 site
587 3473 764 3554 foliorum,
788 3471 859 3539 sive
874 3469 1014 3548 nomn,
1041 3471 1106 3556 jam
1135 3487 1175 3536 cx
1204 3471 1280 3560 luce
1304 3473 1424 3559 eligant
1456 3473 1618 3559 quidquid
1644 3475 1832 3560 unletpsis
1863 3476 1940 3544 haec
1970 3475 2103 3559 offerat,
2129 3463 2217 3544 non*

422 3631 424 3634 v
493 3590 587 3658 aliter
608 3605 645 3654 ac
674 3585 706 3653 si
735 3586 888 3669 quaedam
918 3581 1043 3670 gummi
1069 3595 1101 3649 et
1131 3585 1277 3651 saccharl
1304 3605 1407 3670 aquea
1437 3588 1563 3656 solutio
1590 3589 1743 3657 radiculis
1774 3589 1946 3678 offeratur,
1977 3595 2043 3676 qut
2064 3591 2214 3678 antegra

494 3703 624 3788 quidem
642 3697 829 3769 stimulatae
851 3699 965 3766 relicto
987 3695 1113 3783 gummi
1146 3699 1332 3768 saccharum
1361 3703 1568 3774 absorbeant
1615 3705 1778 3788 Equidem
1786 3685 1863 3776 non
1887 3707 1997 3776 nestio
2011 3725 2091 3776 »esse
2104 3703 2198 3794 Phy-

490 3819 603 3912 aieos,
627 3813 707 3900 qui,
730 3813 827 3898 quasi
858 3815 943 3883 lucis
968 3827 1135 3882 momento
1159 3830 1193 3882 et
1215 3819 1372 3903 gravitate
1396 3797 1525 3902 adecti,
1547 3821 1743 3889 contendant
1765 3821 1869 3889 lucem
1897 3839 1989 3906 agere
2011 3821 2045 3889 in
2070 3823 2201 3907 pientes

490 3931 635 4001 chemica
658 3928 801 4013 ratione,
823 3948 943 4013 easque
966 3928 1096 3998 obedire
1125 3929 1253 4000 cuidam
1280 3935 1470 4004 affinitatum
1505 3937 1623 4020 seriei3
1654 3937 1712 4021 qui
1740 3938 1956 4022 contendant,
1997 3942 2103 4007 lucem
2127 3955 2201 4007 esse

489 4048 790 4133 hydrogennntem,
821 4063 860 4112 eo
882 4046 953 4112 nixi
976 4043 1209 4132 fundamento,
1233 4051 1323 4132 quod
1349 4053 1406 4120 lux
1433 4052 1667 4137 aquibusdam
1689 4051 1898 4122 mineralibus
1927 4055 2122 4138 oxygenium
2148 4071 2200 4120 ra·
2252 4131 2254 4136 .

489 4161 579 4250 piar,
601 4163 648 4230 ita
672 4161 790 4228 horum
821 4159 1131 4244 hydrogemtionem'
1151 4178 1364 4249 promoveam
1397 4167 1489 4250 quod
1513 4185 1573 4253 gaz
1599 4161 1834 4250 hydrogeuium
1857 4163 1891 4232 in
1912 4164 2084 4233 nonnullis
2105 4149 2197 4250 plati-

490 4281 535 4352 tis
558 4281 685 4348 eosdem
715 4293 874 4363 provocet
897 4275 1051 4358 effectus,
1075 4295 1160 4360 quos
1180 4281 1258 4362 lux3
1284 4299 1312 4348 e.
1338 4301 1373 4366 g.
1398 4282 1540 4350 colorem
1565 4277 1721 4361 viridem,
1752 4292 1878 4346 motum
1901 4253 2080 4362 foliorum,
2103 4257 2211 4364 quod

495 4396 654 4479 producta
689 4391 919 4487 vegetabilium
951 4411 991 4460 eo
1029 4393 1105 4474 plus
1139 4379 1332 4482 hydrogenii
1365 4397 1580 4482 contineant,
1610 4415 1679 4480 quo
1712 4394 1850 4480 pleniori
1876 4398 1945 4466 sole
1975 4415 2033 4462 usa
2054 4369 2213 4492 fuerintssff

490 4519 627 4592 contra,
657 4491 696 4581 eo
727 4511 828 4596 magis
860 4509 1021 4596 oxydata,
1061 4527 1127 4594 quo
1162 4509 1391 4593 profundiores
1425 4525 1554 4596 experta
1588 4508 1709 4575 luerint
1737 4509 1908 4578 tenebras·
1946 4509 2063 4577 Habeo
2089 4519 2193 4574 antem

488 4624 825 4712 animadvertendum,
849 4621 879 4694 si
903 4639 1047 4713 ponetur
1070 4625 1216 4694 chemica
1239 4640 1365 4695 tantum
1381 4625 1533 4714 relatione
1557 4624 1660 4690 lucem
1685 4622 1721 4688 in
1743 4625 1870 4708 plantas
1887 4626 2002 4710 egem,
2027 4619 2117 4702 qued
2138 4633 2196 4686 ns·

2125 4743 2197 4800 cea-
