4944 6010
500 515 551 611 84
682 535 684 542 ·
782 519 827 590 Η.
899 518 940 588 C.
1014 535 1139 588 van
1213 530 1334 587 nen
1405 509 1605 588 BOOK
1675 509 1929 588 ΗΠΒ

501 727 617 785 utnos
636 710 740 804 simus
754 708 790 776 in
807 707 1034 777 concludendo
1057 705 1241 810 cautiores,
1266 726 1307 775 ne
1330 707 1450 791 plantis
1478 707 1699 777 adscribamus
1724 706 1887 793 principia
1911 707 1962 775 vel
1985 707 2103 778 buruni
2133 727 2214 784 cun

421 855 436 880 κ
500 815 575 898 eliis
598 796 759 912 copulas,
782 842 867 908 quae
888 842 1063 906 numquam
1087 841 1106 888 a
1126 836 1241 890 natura
1262 823 1468 907 aeceperunt.

530 942 618 1010 Hae
632 954 712 1008 sunt
730 939 959 1020 difficultates,
983 955 1066 1019 quae
1087 951 1128 1004 ut
1145 939 1296 1022 quemvis
1313 937 1460 1023 analysin
1473 937 1703 1023 vegetabilium
1722 939 1775 1006 vel
1790 934 2063 1022 suscipientem,
2073 942 2129 1007 vel
2147 943 2213 1010 ela·

507 1059 699 1138 borantem,
732 1052 1143 1150 multnm'impediunt,'
1134 1069 1178 1120 rta
1201 1071 1253 1121 me
1269 1053 1405 1120 maxime
1434 1053 1594 1138 tironem3
1618 1065 1705 1121 arma
1728 1049 1840 1138 enim,
1872 1052 1998 1136 quibus
2022 1071 2214 1128 memoratae
2295 1033 2302 1072 '

507 1171 714 1242 difficultates
735 1165 915 1258 oppugnari
942 1181 1000 1233 aut
1030 1167 1119 1236 vinei
1149 1169 1300 1255 possint,
1331 1167 1552 1236 existimamus
1584 1172 1717 1236 multam
1743 1169 1912 1253 postulare
1941 1168 2153 1239 subtilitatem
2178 1188 2226 1243 et·

504 1284 695 1356 exercitium
713 1281 881 1364 dextrum,
911 1279 1032 1365 quibus
1057 1303 1133 1351 cum
1155 1284 1258 1370 probe
1278 1286 1378 1353 sciam
1401 1301 1451 1352 me
1467 1303 1604 1369 prorsus
1630 1303 1701 1354 esse
1723 1283 1938 1366 destitutum,
1957 1285 2070 1368 pedem
2093 1283 2214 1354 selerne

446 1419 453 1434 ·
507 1399 576 1470 fere
598 1402 819 1480 decreveram,
851 1394 998 1480 peritiori
1022 1397 1141 1482 cuique
1164 1399 1229 1467 hoc
1252 1421 1338 1486 opus
1364 1399 1556 1483 relicturus3
1586 1402 1626 1468 ad
1647 1401 1845 1486 pergendum
1874 1413 1980 1465 menen
2005 1397 2135 1484 impulit
2159 1415 2213 1470 me

504 1511 635 1584 dulcior
658 1533 758 1599 spes,
793 1507 952 1597 benignos
979 1512 1106 1599 judices
1126 1533 1194 1582 nott
1222 1534 1360 1599 prorsus
1385 1515 1457 1583 fore
1479 1513 1720 1598 improbaturus
1745 1514 1921 1602 juvenilem
1952 1516 2218 1600 qualemcunque

504 1647 611 1702 meum
636 1630 797 1710 lalorem3
829 1625 961 1714 impulit
990 1627 1096 1714 ipsius
1128 1629 1331 1716 quaestionis
1354 1645 1387 1698 et
1406 1614 1595 1718 jucunditas
1628 1645 1661 1699 et
1686 1631 1831 1714 utilitas,
1868 1647 1949 1716 quas
1975 1629 2050 1700 inde
2065 1647 2119 1700 rue
2137 1649 2216 1717 pes·

499 1746 608 1830 cipere
631 1739 822 1812 arbitrabar.

1283 1972 1320 2056 i·
1367 1953 1432 2056 τε(

545 2199 636 2270 Mox
653 2217 731 2270 veto
749 2196 922 2279 intellexi,
944 2193 1023 2264 duas
1039 2195 1095 2264 hle
1120 2205 1230 2281 patere
1257 2195 1350 2292 vias,
1377 2196 1506 2268 scilicet
1526 2197 1690 2268 eaudicem
1717 2199 1961 2270 descendentem
1984 2201 2040 2268 vel
2068 2200 2221 2272 radicem
2292 2217 2298 2238 ·

502 2317 572 2386 luti
602 2312 786 2400 exponendi
812 2325 845 2378 et
868 2311 1033 2414 caudicem
1061 2311 1304 2380 adscendentem
1333 2313 1407 2381 luce
1439 2314 1587 2382 orbandi.
1640 2315 1721 2384 Non
1752 2316 1836 2384 enirn
1869 2315 1990 2384 sufficit
2016 2317 2207 2398 maore,

506 2437 663 2518 quaenam
697 2424 859 2514 principia
884 2427 1049 2496 confineat
1074 2427 1189 2512 radin,
1214 2446 1299 2512 quae
1323 2428 1396 2496 luce
1416 2447 1485 2497 non
1511 2428 1654 2517 inultm,
1676 2448 1833 2516 quaenam
1861 2423 1989 2512 caulis,
2021 2431 2080 2515 qni
2101 2433 2211 2500 lucent

499 2546 643 2634 appetit3
668 2560 741 2610 nam
766 2541 875 2628 primo
895 2541 1016 2610 radicis
1035 2556 1199 2610 structure
1222 2561 1291 2610 non
1320 2557 1371 2610 est
1402 2543 1546 2626 aequalis
1574 2547 1607 2614 ei
1636 2545 1784 2615 caudicis
1815 2546 2061 2630 adscendentis3
2094 2547 2214 2616 deinde

499 2659 557 2729 bie
581 2657 746 2744 experitur
767 2670 891 2742 praeter
909 2657 1016 2724 lucem
1039 2657 1109 2723 aira
1126 2657 1442 2743 atmospbaericum,
1463 2659 1521 2727 illa
1544 2659 1563 2727 e
1588 2661 1750 2730 contrario
1776 2662 1934 2758 bumpmq
1965 2661 2089 2752 aceedit
2116 2659 2212 2746 quod

500 2773 561 2842 vin
575 2773 643 2841 sint
658 2767 817 2858 principia
836 2769 1008 2856 proxima,
1032 2790 1139 2855 qnae,
1168 2771 1245 2839 lieet
1262 2773 1454 2857 plerumque
1474 2773 1510 2842 in
1530 2774 1667 2844 caudice
1684 2777 1896 2843 edseetrdente
1912 2791 2113 2858 occurrant„
2134 2792 2208 2843 nort

502 2888 540 2956 in
573 2887 802 2955 nonnullarum
831 2885 996 2954 radicibus
1024 2885 1239 2954 inveniantur.
1291 2887 1331 2956 ln
1364 2888 1485 2956 radices
1521 2907 1624 2972 pauca
1656 2889 1791 2956 institui
1820 2891 2054 2975 experimenta,
2087 2889 2207 2958 harum

500 3002 586 3072 eninr
610 3001 811 3084 nonnullas,
833 3019 909 3068 cum
932 2999 998 3065 luci
1023 3008 1287 3084 exponerentur,
1312 3002 1440 3086 saepius
1457 3003 1525 3071 vidi
1543 3019 1717 3088 oppressas
1731 3003 1865 3071 ‘urimico
1881 3004 1969 3072 lueis
1985 3002 2208 3087 irnttmeuto,
2257 3073 2260 3080 ,

490 3105 579 3187 'mox
598 3115 748 3202 languide
773 3128 973 3199 pereuntes3
1000 3115 1055 3181 vel
1071 3114 1152 3181 alias
1178 3115 1372 3197 observavi,
1393 3116 1570 3200 praecipue
1596 3115 1675 3183 eum
1694 3131 1794 3186 atate
1822 3119 1939 3205 maiori
1965 3119 2030 3204 jam
2062 3118 2211 3202 aliqum

499 3231 741 3302 contraxissent
770 3227 987 3315 rigiditatem,
1012 3229 1071 3296 vix
1097 3228 1309 3304 adiici.lucis
1333 3229 1557 3313 irritamento,
1582 3239 1740 3314 seramque
1765 3232 1923 3300 fabricam
1948 3251 2031 3316 pene
2059 3251 2210 3314 souare,

497 3348 619 3418 antisse
642 3358 768 3414 tantum
793 3343 902 3428 aliqua
925 3361 1099 3412 succorum
1126 3341 1350 3430 plenitudine,
1380 3359 1590 3430 mensaeque
1616 3345 1715 3413 faciei
1733 3347 1886 3415 condaris
1904 3361 2047 3416 texturae
2068 3345 2211 3414 fibrosae
2236 3421 2240 3432 ¹

500 3465 603 3533 instar
628 3459 775 3528 siccitate
802 3471 834 3524 et
866 3458 1040 3545 rigiditarq
1076 3456 1159 3526 alias
1186 3458 1300 3528 inveni
1323 3460 1428 3547 ipsam
1449 3461 1554 3528 lucem
1573 3476 1781 3545 appetnttes,
1813 3463 1931 3545 quales
1948 3461 2210 3543 suntvradiees,

501 3593 585 3662 qnae
604 3576 760 3645 dicuntur
780 3587 948 3658 repentest
969 3574 1048 3640 alias
1074 3574 1214 3657 denique
1236 3575 1340 3660 reperi
1358 3577 1499 3660 radicet,
1510 3593 1597 3644 eum
1615 3577 1687 3644 suis
1703 3575 1859 3648 cadinalis
1876 3591 1908 3644 et
1925 3575 2054 3646 libdllis
2074 3589 2206 3644 susten·

374 3731 376 3736 ·
501 3704 588 3759 rasse
607 3689 691 3758 lucis
714 3689 803 3772 vltra,
826 3699 929 3772 eaque
950 3688 1145 3772 pedetentim
1169 3704 1241 3758 esse
1267 3708 1447 3760 conversas
1470 3692 1505 3760 ln
1539 3691 1707 3760 caudicem
1736 3691 2003 3770 adscendentem,
2033 3689 2209 3776 omniaque

500 3823 538 3874 ea
561 3807 778 3890 phaenomena
803 3802 1029 3888 principiaque
1053 3803 1200 3888 proxima
1225 3805 1436 3905 exhibuisse,
1470 3825 1553 3890 quae
1583 3807 1734 3891 praebere
1755 3807 1863 3875 solent
1892 3805 2036 3889 ipsarum
2055 3807 2221 3884 cauditus

463 3959 468 3968 ·
499 3920 742 3992 ιάεεεεεάεεεεει.
787 3919 934 4007 Quartum
959 3921 1177 3989 mutationum
1202 3939 1242 3988 ae
1265 3921 1341 4003 quis
1365 3919 1527 3990 existimet
1554 3936 1680 4008 praeter
1703 3921 1846 3988 lunem'
1836 3939 1875 3991 ut
1899 3937 2019 3990 eausam
2045 3937 2115 3991 esee
2137 3923 2220 3990 adiu

500 4033 808 4119 etmnspbaericunr.
849 4035 1038 4104 Plantarum
1065 4035 1149 4103 enirn
1176 4036 1321 4118 radices,
1354 4053 1436 4120 quae
1464 4051 1519 4106 aue
1554 4047 1690 4122 pereant
1715 4049 1772 4103 aut
1798 4029 1973 4105 mutantur
1992 4035 2098 4116 lues,
2126 4036 2207 4102 dun

501 4163 678 4220 venantur
696 4147 893 4218 intenebris
914 4153 1044 4228 eaedem
1064 4165 1194 4220 manent
1216 4151 1317 4236 inqae
1337 4151 1379 4219 iis
1400 4153 1480 4220 bene
1501 4152 1608 4220 ferum
1626 4151 1722 4234 aira,
1738 4151 1818 4235 quin
1840 4151 1944 4220 bic
1918 4171 1946 4218 ιι
1974 4148 2141 4216 humidior
2161 4147 2209 4218 sit

504 4279 720 4349 accrescuntq
733 4264 915 4332 observavi
936 4283 1031 4350 saepe
1052 4268 1092 4334 ad
1111 4267 1219 4334 fossas
1245 4267 1396 4334 arbonam
1419 4268 1501 4334 laete
1522 4267 1714 4360 ementium:
1729 4266 1850 4336 radices
1870 4267 1998 4352 nudas,
2028 4265 2119 4334 ntdla
2142 4265 2207 4333 ltu·

502 4381 631 4448 noted
647 4382 751 4448 nolte
768 4379 948 4463 murinum
959 4423 985 4462 ,-
992 4385 1190 4468 juncorum,
1214 4381 1389 4450 aliarttmve
1409 4385 1617 4466 plantarum,
1639 4381 1754 4450 urnbra
1773 4395 1898 4464 tectas,
1919 4381 2001 4448 adeo
2025 4395 2063 4449 ut
2079 4379 2140 4450 lux
2155 4397 2209 4450 aa·

501 4505 649 4576 ιεεεειιε,
678 4496 731 4560 air
752 4511 830 4564 vero
857 4489 1042 4582 uenderet,
1073 4499 1132 4565 has
1154 4512 1261 4566 autern
1286 4498 1443 4568 radices
1434 4499 1544 4566 invem
1577 4499 1663 4567 laete
1688 4496 1796 4566 visne
1818 4511 1850 4564 et
1876 4513 2031 4566 εεειεεεε.

543 4608 659 4696 ltaque
670 4609 842 4698 praeeipue
866 4613 1025 4684 debemus
1039 4615 1200 4683 attendere
1221 4613 1264 4681 ad
1281 4613 1449 4682 caudicem
1464 4614 1708 4685 adscendentem
1719 4613 1849 4700 ,cujus
1867 4609 2064 4680 mutationes
2076 4609 2141 4698 jam
2156 4607 2207 4675 vi-

2153 4723 2210 4790 eie·
