4944 6010
590 521 1619 612 COMMENTATIOCHEMICA.
1906 527 1966 608 ³⁵·

242 735 408 814 ciebimus.
440 727 577 813 For'ma,
600 747 698 812 quam
715 726 834 795 habent
850 727 979 810 plantae
994 723 1030 792 in
1046 721 1161 792 umbra
1178 733 1380 806 arescentes,
1403 721 1511 792 differt
1528 736 1722 808 magnopere
1734 720 1775 791 ab
1793 741 1848 807 ea,
1872 739 1966 810 qrraa

247 851 371 941 plantis
383 845 538 917 naturalis
555 859 617 912 est.
655 842 824 914 inumbra
840 841 991 910 nimirum
1009 839 1137 926 plantae
1151 839 1249 908 altius
1263 853 1435 922 crescunt,
1459 840 1493 906 in
1509 837 1745 926 longitudinem
1764 843 1958 926 enpandun,

245 985 303 1042 tur
315 983 347 1037 et
361 982 489 1034 cormus
506 975 538 1029 et
552 962 654 1043 rami,
676 961 779 1045 petala
795 967 827 1028 et
842 957 945 1040 folia,
967 959 1170 1024 &resecate
1185 953 1302 1022 horum
1322 952 1467 1020 omnium
1486 951 1678 1037 latitudine,
1700 957 1840 1042 angulos
1866 977 1959 1043 quo..
2070 983 2075 1000 ·

247 1103 330 1171 que,
364 1101 449 1166 quos
474 1077 558 1146 rant
578 1075 703 1144 iaciunt
722 1090 962 1156 cumcormo,
994 1069 1163 1142 observavi
1191 1069 1352 1139 acutiores
1380 1068 1471 1153 fleri,
1501 1088 1608 1154 neque
1629 1071 1701 1154 ipsa
1725 1073 1836 1156 radia,
1869 1075 1952 1144 tadi·
1987 1135 2016 1164 s

242 1205 336 1272 aulae
352 1212 385 1268 et
408 1194 545 1265 iibrillae
562 1193 700 1262 intactae
720 1209 832 1275 aunt;.
851 1191 936 1260 fiunt
955 1201 1062 1256 autem
1085 1185 1194 1254 solitis
1221 1184 1412 1272 longiores,
1435 1183 1631 1270 teneriorem
1664 1188 1750 1256 unde
1779 1187 1817 1256 fit
1843 1205 1880 1258 ut
1904 1207 1953 1262 ta-
2035 1205 2041 1212 '

241 1318 324 1388 i'mm
357 1314 539 1396 plantarum
575 1306 680 1378 forma
712 1305 900 1378 mirabiliter
928 1319 1101 1375 mutatura
1136 1301 1307 1376 inducitur
1330 1319 1438 1371 autem
1466 1303 1542 1370 haec
1568 1301 1728 1385 mutatio,
1759 1305 1849 1386 quod
1873 1323 1957 1384 vasa,

240 1446 411 1516 quaequae
435 1429 526 1510 sint,
554 1441 639 1508 quae
660 1421 869 1506 potissimum
892 1418 1102 1506 vegetabilem
1126 1433 1227 1501 aeque
1252 1431 1351 1500 atque
1374 1418 1542 1486 animarem
1571 1415 1714 1484 efficiunt
1736 1425 1954 1514 compagem,

240 1523 502 1614 memorabunt
523 1539 719 1620 etminora3
744 1537 830 1606 unde
844 1536 939 1604 facile
957 1533 1151 1620 colligitur,-
1176 1553 1302 1606 omnem
1328 1536 1627 1624 plantamelongari
1652 1551 1686 1605 et
1711 1539 1851 1621 mutari,
1871 1557 1950 1608 cunr
1979 1593 1981 1598 .

241 1673 427 1734 structores
448 1657 592 1724 internae
617 1671 793 1737 numquam
816 1669 883 1720 non
900 1650 1092 1734 respondeat
1116 1648 1222 1720 forma
1250 1665 1390 1720 externa.
1434 1653 1536 1737 Saepe
1561 1650 1631 1720 vidi
1655 1653 1795 1736 plantas*
1809 1653 1874 1722 sub
1890 1655 1953 1733 du-

246 1776 363 1848 miset
386 1772 535 1842 aetatibus
558 1783 761 1851 crescentes,
792 1785 875 1851 quae
898 1763 1080 1834 inferiorem
1103 1767 1156 1834 rui
1182 1767 1284 1836 corni
1303 1783 1425 1852 partem
1439 1783 1568 1847 ,tactam
1593 1767 1752 1838 hebebant
1777 1770 1819 1838 iis
1841 1771 1953 1841 dumis

243 1907 279 1967 at
302 1890 475 1970 sentibus,
497 1885 695 1972 superiorem
713 1903 791 1951 vero
813 1881 961 1964 liberam3
986 1881 1083 1949 simul
1104 1862 1223 1950 autem
1241 1883 1433 1967 observavi,
1458 1885 1541 1952 hanc
1567 1885 1682 1952 habere
1703 1884 1831 1954 solitm
1857 1901 1955 1955 natu·

245 2008 344 2079 ralem
377 1979 534 2089 formam,
565 2001 671 2086 petala
695 1997 861 2080 fortiora,
899 1997 1085 2082 crassiora,
1114 1999 1196 2071 folia
1236 2003 1445 2087 pulchriora,
1488 2003 1622 2086 latiora,
1653 2003 1744 2073 illius
1774 2024 1852 2073 vero
1880 2005 1951 2075 for·

243 2137 330 2192 uam
356 2136 428 2186 osae
451 2113 627 2184 tenuiorem
653 2113 860 2198 elongatam,
891 2130 968 2178 cum
995 2110 1087 2184 foliis
1117 2128 1151 2180 et
1176 2117 1292 2200 petatis
1325 2118 1498 2204 elongatis.
1541 2118 1580 2187 In
1602 2117 1717 2186 umbra
1743 2117 1827 2186 fiunt
1852 2119 1950 2190 flores

240 2235 412 2314 mima,
443 2235 554 2298 eorum
579 2230 673 2299 color
705 2227 810 2296 flavus
838 2225 1029 2311 praeprimis
1056 2228 1140 2294 solet
1171 2246 1242 2296 esse
1263 2246 1442 2314 coaetanea
1475 2231 1605 2300 morem
1642 2231 1769 2300 interim
1792 2249 1953 2320 spargunt

245 2350 355 2418 minua
377 2365 508 2416 suavem
524 2358 557 2410 et
583 2341 802 2430 fragrantem,
824 2341 954 2410 fructus
980 2341 1052 2412 aive
1068 2361 1225 2426 pomum,
1256 2343 1326 2412 sive
1350 2345 1489 2429 bacen,
1518 2346 1592 2414 siva
1613 2346 1697 2414 abus
1723 2345 1866 2432 formae,
1889 2351 1954 2418 mia

244 2473 457 2542 normsunt,
481 2457 642 2544 sisamoi,
664 2457 752 2528 baad
780 2475 851 2526 raro
875 2459 1066 2526 monstrosi.
1112 2458 1254 2529 Constat
1277 2475 1384 2530 aurem
1417 2464 1547 2532 diverso
1575 2463 1714 2532 annulo
1735 2463 1874 2549 affecta,
1895 2469 1952 2537 vei

244 2593 279 2656 er
300 2591 427 2645 mutam
451 2573 592 2659 fabrica,
621 2574 813 2642 mutatitvel
832 2588 866 2641 et
889 2573 1005 2659 agendi
1026 2591 1192 2658 normama
1219 2575 1256 2642 id
1278 2577 1370 2659 quod
1393 2575 1447 2643 hic
1474 2579 1631 2646 affirmant
1662 2581 1822 2664 praestan
1848 2583 1952 2649 docu-

247 2703 374 2774 mm
406 2688 577 2758 inumbra
609 2689 693 2758 enim
725 2691 852 2774 plantae
882 2686 950 2763 fene
975 2675 1102 2760 nouum
1136 2707 1193 2776 gas
1227 2691 1424 2776 oxygenium
1452 2694 1640 2778 exspirant,
1671 2712 1780 2778 neque
1806 2679 1949 2780 aonamg

245 2806 388 2879 nuttam
411 2801 577 2870 minuitur.
595 2801 768 2886 absorptio
791 2800 883 2870 acidi,
899 2798 1069 2870 sarbonici·
1088 2814 1121 2868 et
1149 2820 1273 2888 aqnac3
1301 2804 1408 2890 pergit
1430 2819 1537 2872 tamen
1569 2825 1673 2890 aquea
1698 2807 1867 2892 absorptio
1890 2813 1951 2895 per'

245 2920 405 3004 ndicema
430 2915 592 3000 undefit,
613 2929 652 2986 at
666 2915 828 3003 cimmerii
845 2915 994 3003 plerane,
1016 2913 1190 2985 debilitatis
1210 2931 1290 2988 tono
1311 2931 1345 2986 et
1368 2915 1607 3002 irritabilitate,
1633 2937 1761 3006 aquoso
1778 2919 1878 2991 latice
1897 2937 1956 2987 raa

248 3033 799 3124 piaantmetbipairopiatetaat.
1092 3079 1124 3108 ·.
1358 3087 1362 3095 -
1704 3073 1731 3098 ·.
1776 3084 1814 3098 ..
1902 3057 1956 3122 ,r

1023 3259 1058 3349 ς.
1085 3263 1157 3333 ra.

254 3488 492 3575 :Principium
510 3489 732 3566 murrinum
756 3487 996 3556 innormatum
1021 3482 1207 3571 plancarum·
1226 3486 1391 3556 nueabna
1418 3487 1608 3574 praeprimis
1624 3485 1821 3572 mouture
1838 3501 1950 3573 quam·

246 3605 360 3678 abram
387 3604 517 3674 nutus
542 3606 706 3693 persicae,
736 3601 890 3692 naneae
912 3619 1050 3685 veoeae,
1076 3601 1270 3672 ribesiorum
1290 3591 1506 3689 quorumvis,
1539 3604 1613 3673 rubi
1637 3606 1741 3692 imai,
1768 3614 1952 3691 pyrorum,
2004 3665 2009 3678 .

247 3723 620 3806 annumeramini
640 3722 777 3810 subjeci.
821 3720 895 3790 Hos
918 3719 1015 3788 enirn
1030 3717 1157 3788 fructus
1186 3735 1316 3788 constat
1346 3721 1462 3789 habere
1496 3733 1619 3805 praeter
1647 3720 1709 3788 alia
1729 3719 1955 3805 gransaimami

249 3819 719 3920 submurmurantium
740 3836 879 3906 multum
895 3835 1055 3906 sacchari.
1098 3835 1281 3906 observavi
1296 3853 1428 3922 autem,
1452 3857 1522 3922 quo
1553 3837 1654 3925 magia
1685 3837 1809 3906 hi'soie
1837 3831 1950 3908 fruan-

249 3963 328 4037 tur,
350 3967 389 4018 oo
408 3955 557 4040 maiorem
581 3952 759 4034 sacchariui
775 3951 932 4038 principii
953 3951 1080 4038 copiam
1110 3971 1168 4022 eos
1192 3969 1331 4040 parare,
1362 3969 1401 4022 eo
1424 3952 1487 4021 hos
1516 3957 1672 4040 gratimm
1699 3937 1955 4040 nosmopalato

249 4063 341 4144 beri:
364 4065 534 4138 observavi
553 4069 651 4140 aimari
671 4071 795 4138 easdem
815 4068 874 4138 har
892 4069 1069 4155 plantaszet
1084 4069 1238 4152 arborea,
1256 4087 1350 4138 sanas
1373 4069 1524 4154 quidem,
1547 4070 1606 4138 sed
1621 4069 1656 4137 in
1676 4069 1790 4138 umbra
1804 4069 1952 4138 tresenti

250 4193 319 4266 aaa,
335 4181 418 4250 beat
437 4181 479 4250 ab
502 4186 591 4258 omni
616 4184 936 4271 vnttommimpetu
959 4199 992 4266 et
1020 4185 1143 4274 frigore
1174 4179 1422 4271 probe'tectas3
1454 4184 1564 4253 inveni
1587 4183 1695 4254 auten
1728 4185 1841 4254 narum
1862 4179 1954 4258 frua

251 4308 308 4364 tna
327 4315 396 4364 non
420 4289 546 4367 tantum
566 4301 674 4383 palato
698 4313 814 4372 noamo
837 4298 953 4377 minus
966 4301 1115 4385 placere,
1148 4303 1205 4370 sed
1221 4318 1322 4369 succo
1339 4302 1428 4371 dulci
1452 4316 1484 4370 et
1507 4301 1732 4388 refrigerante,
1764 4319 1833 4385 quo
1863 4298 1953 4385 pleni

252 4409 362 4478 solent
385 4429 479 4495 esse,
501 4411 569 4480 fere
600 4415 689 4482 omni
719 4433 848 4500 carere,
878 4418 975 4500 eique
1006 4411 1176 4486 succedere
1208 4435 1358 4501 saporem
1382 4394 1582 4504 'ingranam
1609 4417 1750 4487 fatuum:
1796 4415 1882 4484 Cum
1904 4429 1953 4482 ta·
1991 4455 1994 4464 ·

252 4523 333 4591 lium
355 4525 522 4596 fructuum
554 4543 681 4596 textura
710 4531 808 4600 solita
832 4533 961 4617 saepius
993 4532 1114 4602 siccior
1145 4533 1280 4615 emeat,
1295 4551 1357 4600 err
1381 4531 1542 4620 persicae,
1563 4534 1745 4622 ¹fragmine,
1772 4533 1955 4614 eamque

249 4643 435 4715 memoratis
457 4644 640 4754 fructibus,
667 4665 893 4734 expressorum
924 4649 1091 4736 liquorum
1120 4648 1220 4737 copia
1242 4665 1311 4720 non
1339 4666 1453 4738 magras
1469 4665 1559 4740 eret,
1588 4669 1730 4740 quamn
1753 4647 1954 4720 omnum

1103 4763 1135 4836 E
1156 4783 1179 4834 a
1439 4829 1444 4836 ,
1931 4771 1966 4831 tt
