4944 6010
478 512 529 612 [et
746 449 924 580 'neu
997 520 1123 577 vas
1197 519 1316 575 sn
1388 497 1589 576 noun
1659 498 1915 576 nasce

530 709 559 778 1.
604 704 729 774 lucem
749 703 867 772 habere
888 697 1035 768 eximiam
1059 693 1245 766 facultatem
1270 695 1452 780 plantarum
1479 689 1727 762 irritabilitaten
1752 693 1968 767 naentnon
1982 693 2193 789 stimulandi,

481 839 583 911 atque
600 836 636 890 ut
655 834 794 888 caeteras
812 817 1022 894 functiones,
1045 812 1091 879 ita
1109 829 1244 896 quoque
1268 810 1540 893 absorptionem,
1566 807 1746 892 plurinum
1767 809 1941 880 incitandi:
1967 831 2084 898 quare,
2116 819 2195 890 duan

354 930 359 940 ¹
483 945 544 1012 lux
569 952 602 1008 et
621 932 814 1024 vegetabilie
839 932 934 1001 ambo
962 927 1047 994 varie
1072 941 1150 993 sunt
1174 925 1379 1010 composita,
1410 943 1478 992 non
1510 942 1586 990 eum
1617 939 1735 992 temere
1766 926 1976 996 concludisee
1997 934 2196 1003 oenanrdura

485 1079 579 1144 erse,
599 1055 662 1141 aui
684 1049 907 1128 contenderit,
930 1045 1036 1111 lucem
1059 1042 1189 1126 quidem
1217 1041 1373 1127 integram
1395 1042 1523 1126 plantas
1546 1039 1734 1122 stimulare,
1766 1041 1878 1111 harum
1901 1061 1979 1110 vero
2002 1043 2082 1114 alias
2107 1048 2193 1118 hane

483 1175 572 1248 lucis
598 1185 745 1258 pattena,
772 1165 851 1236 alies
872 1162 984 1242 illam,
1014 1158 1048 1224 in
1077 1176 1173 1225 suum
1200 1173 1296 1224 usum
1312 1169 1521 1266 convertere,
1543 1169 1642 1240 atque
1662 1155 1737 1227 inde
1757 1155 1924 1242 proficisci
1945 1177 2073 1230 omnam
2091 1179 2195 1234 muta.

483 1293 613 1360 tiortum
639 1299 809 1364 normam,
831 1299 850 1346 ι
871 1279 946 1344 luce
971 1272 1093 1360 plantis
1115 1273 1342 1343 mducendaru.

525 1461 573 1532 n.
617 1454 803 1535 Tenebras,
824 1468 893 1534 quo
907 1445 1159 1534 profundiores,
1181 1463 1220 1511 eo
1244 1445 1338 1530 pejus
1355 1460 1560 1532 corrumpere
1571 1446 1753 1531 plantarum
1776 1428 2043 1532 irritabilit‘atem,
2066 1443 2106 1519 eo'
2126 1438 2196 1540 grai

484 1575 608 1651 viorem
634 1573 685 1641 bis
709 1566 828 1636 inferre
850 1549 1040 1684 torporeff,
1069 1561 1149 1644 quin
1171 1558 1278 1644 ipsam
1306 1560 1490 1644 organicam
1514 1561 1692 1634 earumdem
1719 1559 1872 1628 fabricam
1897 1566 2102 1644 vehementer
2119 1587 2193 1652 pes·

487 1695 656 1771 sundare,
677 1687 781 1767 inque
792 1677 1020 1748 monstrosam
1031 1673 1243 1757 convertere,
1265 1675 1344 1742 adeo
1362 1689 1399 1742 ut
1422 1677 1501 1743 ailae
1519 1675 1706 1743 functiones
1731 1677 1922 1763 langueant,
1949 1680 2036 1748 sicut
2059 1682 2197 1768 absorp-

484 1811 556 1892 tio,
579 1801 764 1882 exhalatio,
786 1813 825 1864 ut
847 1795 976 1883 plantae
993 1789 1190 1878 hydropicae
1219 1791 1375 1871 evadant,
1397 1791 1478 1857 allae
1500 1805 1768 1875 corrumpantur,
1797 1807 1835 1858 ut
1848 1772 2011 1878 secretio,
2034 1796 2194 1890 nutritio,

484 1939 524 1994 nt
543 1923 707 2009 palleant,
729 1925 949 1994 marcescant,
973 1908 1052 1976 aliae
1069 1908 1253 1994 deleantur,
1279 1917 1317 1971 ut
1335 1901 1567 1991 fructificatio,
1589 1920 1628 1973 ut
1651 1906 1777 1973 steriles
1800 1906 1891 1974 bant.
2092 1901 2095 1910 ’

528 2095 595 2166 111.
639 2089 691 2160 Ut
713 2083 934 2169 animalibus,
965 2082 1011 2151 ita
1034 2079 1182 2167 plantis,
1216 2078 1322 2146 inesse
1352 2097 1371 2146 a
1395 2077 1522 2158 Natura
1554 2078 1794 2146 meniotabilern
1821 2081 2033 2152 adsuescendi
2048 2085 2195 2155 'inculta'

485 2232 576 2298 tem,
597 2226 630 2280 et
654 2212 736 2280 banc
761 2225 800 2276 eo
821 2205 1001 2290 malatera,
1022 2217 1092 2282 quo
1113 2193 1259 2282 iuniores
1280 2207 1382 2262 aetate
1401 2208 1503 2265 eunte
1529 2208 1567 2260 ut
1587 2193 1740 2262 heberent
1764 2214 1830 2279 quo
1859 2213 1930 2264 sese
1954 2198 2112 2284 soporanti„
2132 2219 2195 2270 no·

378 2398 383 2408 .
433 2357 439 2368 ·
489 2328 644 2402 centibus
654 2334 886 2410 opponerent,
908 2333 1017 2386 mum
1039 2313 1184 2380 insultus
1204 2307 1398 2392 illuderent,
1420 2310 1589 2386 noxasab
1615 2309 1658 2378 iia
1679 2309 1784 2380 illatas
1801 2312 2013 2397 corrigerent.
2104 2341 2108 2348 ·
2172 2319 2195 2386 3,
2280 2313 2285 2318 ·

487 2491 495 2508 '
532 2501 596 2571 w,
641 2499 680 2566 ln
706 2492 826 2580 plantis
847 2492 956 2560 inesse
978 2482 1155 2554 mirabilem
1181 2499 1376 2568 organorum
1410 2496 1509 2565 atque
1537 2479 1730 2550 facultatum
1763 2501 1959 2566 consensum
1991 2483 2088 2572 atque
2119 2509 2198 2558 con·

489 2611 703 2706 spirationem
716 2631 732 2694 3
759 2623 870 2690 neque
902 2617 1027 2672 tannim
1059 2600 1222 2669 caudicem
1254 2597 1503 2666 adscendentem.
1529 2617 1622 2684 aegre
1656 2581 1746 2666 ferre
1760 2600 1944 2684 tenebras,
1973 2586 2085 2670 verum
2115 2620 2196 2674 tunc

462 2735 465 2746 '
489 2735 585 2803 etlam
606 2726 832 2795 detrimentum
853 2739 966 2805 capere
986 2719 1150 2787 caudicem
1173 2716 1437 2795 descendentem,
1461 2713 1516 2779 cui
1537 2713 1596 2779 lux
1617 2712 1747 2784 inimica
1771 2729 1841 2800 est3
1875 2717 1953 2784 adeo
1979 2732 2018 2785 ut
2040 2719 2140 2805 hujus
2164 2735 2198 2788 et

489 2840 719 2923 irritabilitas,
743 2853 775 2904 et
792 2836 933 2919 fabrica,
956 2849 988 2902 et
1013 2833 1128 2920 agendi
1143 2829 1423 2912 rati0,'morbose
1442 2829 1639 2898 afficiantura
1665 2830 1723 2914 qui
1740 2850 1923 2900 consensus
1945 2851 2020 2900 cum
2039 2854 2106 2903 non
2128 2851 2199 2904 tan·

490 2975 566 3029 turn
589 2960 624 3026 in
647 2953 772 3024 morbis
795 2953 917 3034 illatis,
942 2950 998 3017 scd
1021 2964 1052 3016 et
1074 2949 1203 3033 vigente
1226 2945 1385 3029 sanitate,
1408 2946 1536 3028 plantas
1556 2944 1751 3029 comitetur,
1779 2945 1853 3014 inde
1882 2949 2043 3032 praeclare
2066 2951 2196 3035 probari

421 3141 425 3148 ,
488 3095 534 3148 ex
557 3070 710 3163 plurimis
734 3065 897 3137 fontibus
912 3079 1015 3136 unum
1041 3065 1223 3147 plantarum
1242 3060 1364 3128 virium
1385 3061 1673 3164 conservatricium
1693 3076 1791 3146 atque
1811 3047 2080 3132 medicatriciurn.

483 3334 488 3346 .
533 3249 582 3318 V.
629 3240 806 3314 mancam
833 3191 929 3308 lucie⁸
944 3237 1155 3316 facultatem,
1180 3235 1215 3300 in
1240 3233 1362 3318 plantis
1396 3234 1618 3320 absorptionis
1642 3249 1675 3302 ct
1692 3235 1883 3306 secretioris
1905 3235 2107 3342 incitandae,
2128 3257 2201 3313 erae

487 3379 655 3442 auctorem
682 3356 841 3428 facilioris
866 3369 899 3424 et
912 3350 1076 3422 celerioris
1100 3348 1288 3420 incrementi
1311 3351 1520 3435 plantarum,
1551 3348 1586 3419 in
1611 3348 1802 3439 reglonibus
1825 3354 1898 3422 sole
1928 3353 2201 3438 plurimumcol·

490 3479 652 3554 lustratia.
677 3473 681 3486 “
1699 3483 1701 3488 ’
2157 3471 2163 3480 “

535 3652 601 3722 Vl.
646 3649 734 3718 Cum
756 3648 884 3730 plantat
902 3645 943 3712 in
965 3641 1107 3712 tenebris
1130 3643 1187 3711 vix
1208 3660 1244 3708 ac
1264 3657 1305 3710 ne
1326 3638 1383 3707 vix
1409 3640 1538 3724 quidem
1571 3640 1765 3711 absorbeant
1798 3643 1926 3713 acidum
1962 3608 2201 3731 carbonicum,

486 3774 685 3856 absorptum
710 3765 880 3833 difficulter
909 3765 1168 3860 decomponant,
1200 3776 1284 3846 quae
1309 3757 1506 3826 intenebris
1530 3758 1874 3854 adolescant,fl'multo
1909 3740 2019 3828 minus
2055 3763 2200 3832 cerbonii

490 3879 662 3956 contulere
683 3883 835 3968 pletrtas,
858 3898 956 3969 quam
983 3881 1057 3945 lnce
1078 3896 1168 3944 usas.
1214 3973 1218 3993 θ

502 4059 612 4134 ,vll
657 4056 747 4126 Cura
764 4073 870 4138 neque
893 4053 928 4122 in
950 4049 1256 4136 unbta„etmulto
1280 4049 1442 4118 minutia
1466 4047 1628 4138 tenebris,
1651 4065 1794 4134 aquam,
1815 4048 1944 4118 acidum
1965 4047 2196 4134 carbonicurn,

474 4191 648 4254 uotum,
670 4171 741 4240 sive
763 4189 804 4238 ex
828 4171 898 4236 aere
916 4167 1109 4249 haurienda,
1130 4167 1201 4236 eive
1227 4185 1268 4238 ex
1292 4172 1416 4256 bumo,
1446 4173 1482 4240 in
1502 4191 1601 4242 suum
1627 4191 1724 4241 usum
1748 4187 1938 4242 convertant
1970 4174 2119 4256 plantae,
2141 4169 2194 4239 bis

493 4293 530 4362 iar
557 4291 672 4358 umbra
698 4291 750 4358 vel
773 4289 911 4358 tenebris
932 4287 1153 4358 crescentibus
1173 4290 1337 4378 principia
1355 4287 1521 4377 proxima,
1552 4305 1640 4355 meto
1665 4287 1865 4372 hydrogenio
1891 4303 1922 4354 et
1947 4285 2121 4368 carbonio,
2135 4285 2197 4354 ‘vei

496 4405 550 4474 bis
569 4406 728 4490 adjuncto
748 4405 855 4474 muno
879 4415 999 4485 azoto,
1022 4407 1197 4488 copulata,
1227 4406 1351 4488 quibus
1378 4409 1491 4490 plenae
1513 4419 1591 4472 sunt
1614 4403 1781 4487 regionum
1807 4404 1982 4470 calidarum
2010 4401 2200 4488 indigenae,

491 4537 552 4590 aut
568 4521 702 4608 penitus
727 4522 858 4606 deesse,
892 4532 948 4588 aut
970 4517 1186 4590 diversimode
1213 4524 1340 4593 mutata
1361 4521 1545 4617 inhaerere,
1574 4503 1763 4604 esnagia,
1794 4535 1864 4604 quo
1894 4515 2123 4604 profundiores
2140 4532 2196 4584 ‚to-

518 4651 525 4670 '
2146 4645 2203 4702 lle·
