4944 6010
551 507 1174 628 concurrerem
1247 507 1613 588 cnrmrcr.
1933 529 1961 613 q

250 735 364 807 finem
385 717 523 811 argenti·
535 711 672 784 celerius
697 724 769 780 ntro
794 711 906 780 colore
936 705 1087 792 tingere,
1116 721 1215 790 quam
1247 705 1282 774 id
1315 705 1420 774 facere
1447 706 1571 776 radium
1586 705 1803 792 minumum,
1834 725 1957 794 cosque

253 849 325 921 aive
340 837 522 918 chemicos,
544 830 617 901 sive
640 829 940 914 desoxygemntes,
968 821 1109 904 dixeris,
1143 839 1215 888 esse
1234 821 1400 890 habendos
1425 838 1573 891 auctores
1599 824 1844 906 mutationum,
1873 842 1976 909 quus

251 972 428 1046 corporum
459 944 654 1036 quorumvis
679 957 812 1013 naturae
837 939 896 1006 lux
918 935 1054 1005 inferata
1086 937 1213 1004 tandem
1242 936 1426 1020 nuperrime
1458 938 1566 1006 omnia
1600 936 1676 1005 baec
1703 955 1875 1009 memoratu
1902 959 1958 1009 ex·

252 1073 427 1164 pantaenus
459 1062 624 1134 subtiliter
657 1056 784 1145 repetiit
818 1052 981 1138 Physitus
1024 1049 1160 1123 Berard
1171 1098 1184 1135 ,
1229 1050 1358 1136 saepius
1401 1053 1535 1120 eundem
1580 1067 1730 1122 eventum
1775 1053 1958 1138 obtinens,

253 1203 347 1271 quem
379 1179 585 1250 obtinuerant
618 1173 856 1254 Wollartonus‚
886 1169 1127 1250 Herrchrllius,
1150 1167 1303 1235 Rittrrus
1333 1167 1440 1254 (17).
1498 1168 1571 1254 Gay
1604 1169 1730 1238 susac
1755 1189 1891 1254 quoque
1923 1183 1958 1237 et

252 1295 429 1379 Thmard,
460 1311 540 1362 cum
562 1311 622 1378 gaz
647 1288 884 1376 hydrogenium
908 1299 941 1353 et
966 1301 1027 1369 gaz
1049 1281 1267 1367 morigenium
1302 1281 1370 1348 luci
1394 1298 1611 1367 exponerent,
1640 1285 1855 1354 observarunt
1873 1285 1955 1352 satis

255 1413 373 1483 iortern
397 1408 662 1489 inunctionem,
684 1423 722 1472 ac
744 1409 918 1488 utrumque
933 1419 993 1486 gaz
1020 1398 1056 1468 ln
1080 1396 1206 1466 acidum
1228 1397 1434 1468 muriaticum
1460 1415 1606 1466 versum.
1651 1400 1720 1468 Alii
1741 1419 1818 1468 vero
1840 1418 1881 1467 ex
1901 1398 1960 1467 bis

252 1523 480 1614 experimentis
500 1541 568 1610 non
589 1521 757 1590 deducunt
778 1536 846 1588 eam
872 1511 1144 1595 conclusionem,
1172 1531 1238 1596 qut
1262 1513 1368 1580 lucem
1385 1527 1543 1584 constare
1569 1511 1692 1602 triplici
1717 1515 1880 1584 radiorum
1904 1533 1961 1602 gr·
1990 1523 1992 1526 ’

254 1658 330 1714 nere
354 1638 529 1718 struitur,
553 1647 591 1702 at
618 1634 826 1702 solummodo
858 1633 964 1698 lucem
988 1641 1119 1712 ponunt
1149 1641 1300 1695 constare
1327 1625 1460 1696 miscela
1486 1628 1650 1698 mdiorum
1682 1627 1892 1713 inaequaliter
1911 1647 1962 1698 re·

255 1751 504 1841 frangibilium,
528 1745 654 1832 quique
677 1747 752 1820 ideo
772 1747 899 1816 diversa
925 1743 1049 1814 ratione
1068 1739 1155 1808 vans
1179 1759 1317 1826 corpora
1345 1739 1484 1814 afficiant
1508 1745 1576 1832 <ri
1589 1747 1626 1833 )e
1651 1744 1778 1827 ¹quibus
1802 1745 1960 1814 omnibus

255 1871 471 1954 adjunxerunt
495 1877 638 1944 recenter
659 1861 824 1931 subtiliter
845 1875 943 1944 atquc
965 1855 1129 1941 ingeniose
1154 1856 1378 1942 propositam,
1409 1857 1532 1942 passim
1552 1857 1788 1930 mathematicis
1807 1855 1962 1928 formulis

257 1975 708 2064 demonstrttsm,.tlreoriam
726 1978 767 2046 de
789 1975 968 2046 mdistiorm
986 1989 1023 2041 sc
1049 1968 1283 2055 poltrisatione
1305 1969 1439 2042 uminis
1460 1973 1531 2060 (19
1540 1976 1576 2063 ).
1627 2031 1629 2036 ,
1725 2005 1760 2018 ι·

1045 2203 1159 2287 §.2-

298 2432 433 2526 Quibus
455 2432 609 2502 ommbns
632 2431 762 2501 collatis
785 2441 939 2516 apparet,
961 2440 1002 2495 ut
1023 2426 1132 2494 lucem
1154 2425 1257 2508 ipsam
1285 2418 1464 2498 mirabilem
1487 2445 1559 2498 esse
1585 2428 1766 2510 materiem,
1796 2427 1842 2503 ita
1867 2427 1966 2499 mira·
2008 2439 2012 2448 ’

257 2547 366 2618 liliter
388 2563 480 2632 sgsre
499 2547 536 2614 in
559 2559 739 2614 terrestrem
764 2542 950 2623 materiem,
981 2557 1088 2624 neque
1111 2540 1147 2606 in
1167 2557 1294 2608 ornnem
1319 2545 1444 2630 aequali
1469 2541 1613 2625 ratione,
1644 2560 1750 2626 neque
1766 2544 1873 2612 eadem
1898 2543 1978 2612 em·

255 2661 364 2744 omia,
387 2677 530 2744 eumque
554 2662 633 2730 sdeo
657 2659 782 2728 diverse
803 2669 906 2726 mutet
939 2652 1125 2735 mineralia,
1156 2665 1281 2736 quanto
1313 2657 1416 2740 magia
1450 2657 1565 2726 debere
1598 2670 1722 2728 mutare
1749 2657 1976 2743 regembillrt·

260 2775 440 2863 probarunt
459 2774 569 2856 enim,
598 2791 707 2858 neque
727 2773 762 2840 id
780 2771 953 2840 fallacibus
978 2766 1169 2850 eventibus,
1192 2766 1357 2836 innumera
1382 2771 1618 2855 experimenta,
1646 2789 1715 2854 quo
1742 2775 1844 2858 maior
1860 2772 1967 2842 diver·

260 2907 374 2962 soruur
393 2886 628 2973 principiorum
647 2905 826 2968 numerus,
849 2884 920 2953 sive
937 2883 1014 2954 haee
1033 2879 1100 2951 sint
1124 2881 1291 2966 proximu,
1314 2884 1385 2952 sive
1404 2903 1545 2971 remota,
1568 2889 1808 2972 quoiuscumque
1827 2904 1968 2974 corpora

258 3000 474 3087 ingred'utur,
504 3021 544 3072 eo
565 3001 774 3072 efficaciorem
797 3002 876 3068 haee
902 2995 1040 3079 nisum,
1071 2994 1406 3083 multiplicioremque
1436 3000 1663 3083 occasionem,
1697 3015 1731 3068 et
1757 3003 1901 3089 accipere
1931 3019 1966 3073 ct

259 3117 430 3204 praebere,
453 3131 523 3186 turn
544 3115 580 3186 itr
598 3117 662 3184 alia
680 3135 821 3202 corpora
845 3133 922 3184 suus
941 3111 1088 3182 tentandi
1107 3110 1214 3194 virsa,
1241 3127 1313 3182 tum
1334 3115 1453 3184 horum
1470 3133 1586 3184 rursus
1604 3115 1774 3188 cucumam
1795 3117 1967 3204 experiun-

257 3231 306 3301 ol.
348 3229 436 3298 Sunt
458 3243 565 3300 autern
591 3231 785 3318 vegetabilis
811 3227 1038 3314 multipliciter
1062 3225 1257 3311 composite.

152 3437 154 3440 Ι
300 3341 433 3430 Quodsi
455 3363 497 3414 ex
521 3345 706 3414 memoratis
731 3343 828 3414 iactis
852 3343 1103 3416 conclusionem
1124 3343 1279 3412 deducere
1304 3343 1468 3428 uelimus,
1498 3361 1577 3414 num
1602 3343 1665 3414 tan·
1684 3361 1818 3430 quoqne
1841 3346 1988 3418 ratione.

256 3456 293 3528 in
318 3459 447 3543 plantus
463 3461 569 3530 lucem
593 3479 684 3548 sgere
700 3457 950 3546 affirmabimusf,
972 3459 1104 3546 taleque
1127 3461 1170 3529 aii
1193 3460 1419 3528 commercium
1442 3461 1526 3530 inter
1546 3475 1654 3547 partes
1676 3461 1762 3528 lucis
1791 3475 1823 3527 et
1842 3474 1970 3546 vegeto·

258 3561 375 3642 billum
409 3577 667 3648 constituentem
696 3592 787 3646 estne
812 3576 865 3646 hic
879 3625 896 3660 ,
918 3581 1017 3662 quud
1039 3591 1109 3647 tute
1134 3587 1344 3660 aestuamus,
1374 3579 1457 3644 banc
1489 3580 1634 3660 plantam
1668 3580 1809 3644 electum
1840 3575 1982 3646 muium·

263 3687 468 3760 caloriierum
497 3693 534 3762 in
561 3712 666 3766 suum
685 3711 784 3762 usum
811 3706 1019 3776 convertere,
1045 3693 1135 3762 illam
1167 3694 1310 3778 plantam
1335 3695 1626 3780 desorygeuantem
1658 3693 1727 3760 sive
1758 3691 1967 3778 cleonicum

263 3812 321 3867 aut
339 3819 460 3878 certum
482 3807 643 3892 quandum
665 3807 867 3946 miscellam,
883 3825 925 3882 ex
947 3795 1155 3880 deieminau
1175 3808 1379 3878 diversorum
1397 3807 1484 3876 lucis
1506 3807 1668 3878 radiorum
1690 3807 1869 3893 quantitate
1891 3825 1984 3876 corr·-

1778 3949 1815 3990 “ἰ
1912 3923 1981 3992 flllm

293 4141 370 4210 (n)
387 4143 532 4214 nimum
545 4154 622 4211 nnn
635 4155 880 4212 ιιιιιιιιοιιιιιιι
893 4153 1005 4222 aaran
1019 4153 1055 4210 ιιι
1070 4155 1178 4219 testum
1196 4167 1239 4220 ιι.
1256 4151 1320 4207 ιιι.
1339 4153 1358 4206 ι.
1372 4153 1392 4208 r.
1413 4163 1433 4206 ι.
1446 4154 1464 4210 ι
1486 4170 1514 4222 ι.
1527 4153 1591 4211 ιιι
1626 4187 1649 4222 ,,
1664 4155 1705 4210 rr.
1718 4105 1982 4219 ιιιιιιιιιιιιι.
2067 4197 2068 4200 ι

262 4237 287 4294 3,
301 4236 339 4286 les
353 4243 469 4294 raulcurt
481 4241 516 4296 tie
530 4247 636 4300 nuncu
650 4249 828 4304 relarlremeut
841 4264 855 4304 s
868 4249 1076 4314 l'auumencsdon
1089 4248 1122 4302 de
1135 4247 1159 4302 ls
1172 4250 1269 4300 inculte
1289 4244 1455 4310 calorllique,
1478 4249 1570 4312 depuis
1592 4249 1618 4299 le
1634 4246 1743 4302 vlobc'
1733 4260 1810 4314 Jusqu
1810 4247 1851 4298 'tu
1871 4256 1984 4310 rouses

264 4355 287 4387 ιι
302 4328 366 4380 mals
383 4329 403 4382 ll
418 4339 537 4390 atroque
551 4343 577 4390 le
590 4341 725 4396 mammon
739 4347 772 4398 de
787 4343 890 4396 ebriens
905 4360 919 4397 ι
933 4339 1186 4396 l'ertrenltemime
1208 4343 1375 4403 desperare,
1399 4351 1426 4390 er
1440 4353 1492 4391 non
1507 4339 1678 4394 endebors.”
1711 4339 1790 4396 canl*-
1809 4337 1896 4394 Πιιιιι.
1914 4341 1969 4398 ιι

265 4420 330 4467 ⁸⁸¹¹·
342 4419 374 4472 ¹¹·
391 4437 419 4486 ll·
433 4436 467 4493 34
480 4436 506 4480 et
521 4440 561 4490 is·
592 4433 645 4486 Ubi
660 4447 766 4500 apparet
779 4445 805 4487 et
819 4435 998 4500 marmurae,
1016 4445 1044 4486 ec
1056 4433 1232 4500 sannarum
1246 4432 1325 4487 allum
1340 4443 1460 4508 eventurn
1474 4431 1627 4490 eburneae.
1776 4433 1778 4440 ’

295 4507 368 4576 (11)
354 4511 755 4592 ).1ιιι.ι..ιιρ.ιιιι.ι

294 4597 471 4676 “Nm
489 4615 537 4666 ld
552 4616 850 4686 nomiman-pus.
883 4617 1534 4686 3ιιι,1.ιίιι.111.ι.ιιιιηι.ιιιοιι.Ν.
1549 4614 1969 4690 numanus-wlsi
