4944 6010
470 422 579 584 ιρ1
755 482 801 554 Η.
875 469 920 556 (i.
992 473 1594 580 varan-noun
1664 475 1918 562 Mosen

473 703 552 756 tator
582 682 660 752 haec
691 689 867 752 memorata
894 673 1056 762 principia
1084 672 1239 758 qualitate
1266 682 1299 736 et
1324 670 1504 754 quantitate
1531 691 1550 740 a
1575 673 1715 766 tenebris
1746 674 1883 744 mutarit
1914 675 2067 762 accedit,
2097 684 2198 766 quad,

470 817 624 888 constet,
648 819 717 884 quo
739 795 890 864 saniores
913 793 980 860 sint
1005 791 1156 876 plantae,
1184 786 1358 872 magisque
1383 785 1532 872 vigeant,
1560 789 1686 866 has4eo
1719 791 1870 875 maiorem
1905 791 2040 878 copiam,
2067 795 2194 878 penei,

473 921 605 1008 piorum
633 913 800 1002 proferre,
833 926 916 992 quae
941 907 1047 1006 solent
1073 893 1220 992 gignere,
1254 903 1380 987 plantas
1408 919 1515 972 auteur
1550 905 1584 972 in
1614 905 1754 974 tenebris
1779 925 1878 1006 quam
1913 907 2051 977 mamare
2074 909 2192 978 debili·

472 1036 554 1122 tari,
577 1049 706 1118 torpere
727 1029 840 1096 harum
869 1025 933 1090 vim
960 1022 1113 1105 vitalem,
1146 1037 1326 1102 omnesque
1350 1017 1539 1088 functiones
1566 1021 1747 1106 languere,
1779 1041 1883 1106 aquae
1902 1039 1935 1092 et
1958 1027 2085 1111 exigua
2101 1026 2195 1098 acidi.

474 1147 661 1240 Carbonici·
679 1146 774 1212 allata
799 1139 972 1227 portione,
1000 1138 1247 1223 decomposita,
1277 1136 1388 1204 deeme
1411 1137 1567 1206 elementa
1595 1137 1720 1220 quibus
1752 1137 1934 1210 formantur
1962 1141 2124 1227 principia
2151 1163 2195 1214 et-

474 1265 648 1355 proxima,
669 1279 778 1344 neque
802 1256 920 1342 expelli
938 1254 1171 1342 Opygenium,
1201 1259 1318 1324 horum
1343 1252 1535 1322 formationi·
1560 1253 1707 1323 noxium.
1754 1251 1857 1322 Hisce
1889 1255 1990 1340 iginii
2017 1257 2054 1324 in
2078 1252 2193 1330 medior

475 1379 601 1470 relictis
626 1361 819 1456 videamus,
843 1373 926 1458 quid
943 1386 1078 1441 constet
1101 1373 1141 1438 de
1158 1371 1293 1456 reliqvit
1313 1371 1503 1457 principiis.
1545 1369 1595 1440 Ut
1621 1373 1726 1440 resina
1751 1385 1897 1440 mutatur
1926 1371 1962 1440 in
1988 1373 2129 1442 tenebris
2147 1391 2188 1446 et·

475 1499 623 1584 deletur,
646 1494 704 1576 itai
715 1493 825 1560 oleum
852 1489 1055 1572 aethereum3
1080 1489 1227 1556 menthae
1249 1488 1446 1574 etcriapatn
1474 1501 1506 1555 et
1526 1485 1739 1572 peperitidem
1757 1487 1799 1554 in
1828 1485 1969 1555 tenebris
1996 1491 2116 1576 pbtui3
2140 1506 2188 1562 te-

475 1611 605 1699 neriora
627 1608 728 1690 folia,
751 1606 854 1691 (nam
871 1619 908 1672 ut
925 1605 1034 1672 solent
1047 1605 1159 1672 adulta
1180 1605 1388 1692 ceciderant)
1410 1607 1509 1690 piane
1519 1605 1616 1686 alba,
1639 1601 1706 1671 fere
1728 1611 1857 1674 omnem
1873 1605 2063 1688 amiserant,
2088 1625 2187 1695 quem

475 1746 554 1816 sana
577 1724 658 1794 satis
681 1721 801 1790 fortem
830 1722 968 1804 babeat,
995 1722 1148 1804 odorem,
1178 1719 1244 1790 fore
1265 1723 1352 1791 nibil
1376 1723 1479 1790 solvit
1507 1718 1646 1786 eumilo
1663 1717 1838 1806 digestum·
1860 1721 2014 1808 alcolrol,
2044 1726 2123 1794 adeo
2150 1739 2193 1794 uc·

477 1842 557 1918 buic
583 1841 745 1910 tincturm
764 1836 873 1917 addita
897 1853 985 1921 aqva
1003 1837 1127 1904 nullam
1153 1840 1292 1908 moverit
1316 1837 1571 1906 lactescentiam.
2157 1851 2163 1874 ¹

490 2015 496 2026 .
522 1957 725 2028 observante
747 1953 939 2036 omotario,
970 1972 1038 2022 non
1067 1973 1184 2040 cynara
1201 1949 1391 2042 scolymus,
1419 1971 1480 2020 nec
1499 1951 1610 2038 apium
1636 1951 1808 2034 leonense,
1839 1967 1955 2022 nostro
1985 1955 2094 2040 palato
2119 1957 2192 2041 pla·

404 2139 406 2146 Α
477 2088 578 2156 cent,
603 2070 673 2140 nisi
698 2069 784 2138 haec.
802 2068 879 2136 luce
913 2067 1024 2136 orbata
1051 2069 1173 2138 fuerint
1195 2085 1231 2139 et
1256 2071 1436 2140 albedinem
1464 2067 1702 2150 contraxerint,
1735 2070 1895 2136 molestus
1924 2082 1975 2136 est
1998 2087 2102 2153 sapor
2128 2071 2191 2140 illc

476 2189 579 2262 almis
589 2186 785 2268 aethereus,
803 2203 904 2268 ¹quern
926 2203 1003 2254 sana
1027 2175 1138 2254 aerem·
1155 2187 1274 2254 babent
1282 2174 1486 2274 ,ejusmodi
1511 2183 1708 2256 mutationes
1733 2180 1876 2250 anbeunt
1909 2183 2080 2268 lactucae,
2099 2187 2191 2254 nodi.

480 2304 557 2388 via,
587 2302 736 2385 crambe,
769 2299 892 2384 quibua
924 2300 1071 2366 tenebrae
1094 2301 1240 2370 inferunt
1263 2303 1425 2370 materiem
1450 2299 1696 2380 saccharinaur,
1715 2297 2030 2384 mucilaginosan,
2052 2297 2191 2379 &eilias

482 2417 697 2498 solvendam,
721 2427 754 2480 et
779 2427 939 2482 texturam
963 2412 1141 2500 librosan,
1165 2433 1248 2501 quae
1270 2419 1355 2554 solet
1378 2433 1452 2484 esse
1476 2411 1588 2498 rudis,
1619 2414 1729 2499 palato
1750 2412 1920 2498 ingratus,
1949 2414 2134 2486 teneriorem
2151 2423 2185 2487 'et
2229 2384 2240 2407 ¹

478 2531 688 2622 graciliorem
710 2529 1389 2606 reddunt,
1775 2583 1782 2616 ,

523 2651 613 2720 eom
635 2645 803 2713 Sanebcrio
828 2644 1021 2730 observavi,
1045 2663 1193 2732 saporem
1214 2648 1397 2732 plantarum
1422 2646 1621 2728 naturalem,
1652 2661 1817 2728 animum,
1839 2646 1985 2716 tenebras
2003 2617 2188 2722 contueare

479 2768 518 2845 ἰι
534 2764 685 2844 fatuum,
707 2761 844 2836 inertem
863 2759 1126 2847 aliquantulum,
1148 2764 1299 2848 dulcem3
1322 2777 1526 2846 taramcum,
1549 2781 1638 2831 omnr
1629 2762 1728 2828 'luce
1744 2759 1917 2844 orbatam,
1941 2760 2010 2828 vidi
2026 2763 2090 2832 alte
2104 2781 2191 2834 crta·

481 2899 588 2962 cens,
609 2875 735 2964 quod
723 2874 834 2952 ravani
859 2893 987 2946 omnem
1012 2875 1169 2964 ingratam
1194 2899 1288 2948 auam
1307 2877 1487 2948 amaritiem
1511 2891 1543 2944 et
1562 2875 1751 2944 salsedinem
1777 2874 1947 2959 amisisse,
1977 2876 2033 2944 cui
2055 2895 2193 2949 success

477 3010 568 3088 quat
590 2992 702 3074 faurus
729 2991 825 3079 quasi
845 2985 1097 3160 mucilaginosa
1125 2993 1211 3142 idem
1223 2995 1476 3083 pbamonmoo
1502 2988 1705 3060 obamvavi
1694 3007 1732 3062 ιιι
1755 3003 1885 3062 acetosa
1909 2972 2137 3066 rotmdifonr.

1268 3281 1304 3370 b
1346 3253 1426 3362 ιι

525 3566 683 3654 cupidus
704 3521 949 3649 manesceret,
969 3565 1085 3650 quales
1106 3563 1305 3633 mutationes
1336 3561 1451 3634 aubert
1481 3563 1562 3632 baec
1586 3519 1717 3630 annosa
1741 3558 1776 3629 in
1801 3560 1964 3647 tenebris,
1991 3577 2060 3631 eam
2082 3565 2191 3650 prima

337 3697 340 3710 ·
481 3684 587 3779 posui
615 3685 650 3750 in
672 3679 751 3747 loco
776 3679 943 3762 obscuro,
966 3698 1043 3748 mox
1066 3681 1101 3748 in
1120 3667 1299 3766 profundis
1324 3680 1486 3766 tenebris,
1517 3677 1752 3762 observarique
1773 3693 1853 3763 post
1871 3679 1999 3763 aliquot
2017 3667 2189 3753 hebdoma-

482 3807 544 3874 des
566 3798 746 3887 plantulam
777 3808 941 3880 emeram,
971 3795 1176 3906 elongatam,
1205 3797 1521 3884 adgnomenta.
1552 3789 1706 3864 ‘librosam
1740 3792 1900 3864 materiem
1933 3783 2087 3879 expertia
2115 3815 2191 3868 sum

486 3913 667 3986 emollitam
689 3913 769 3980 adeo
791 3928 885 3996 ease,
911 3926 950 3979 ut
973 3911 1049 4010 trita
1070 3915 1105 3983 in
1130 3934 1213 4002 aqua
1237 3914 1307 3984 fere
1327 3916 1494 3986 difflueret.
1520 3914 1661 4000 Sapor
1674 3925 1741 4000 erat
1769 3911 1904 4019 fatuus,
1936 3925 2075 3982 attamen
2098 3887 2193 3983 acido

482 4031 614 4103 oxalico
651 4029 790 4099 mixtus.
830 4030 931 4116 Aqua
958 4027 1059 4099 calcis
1084 4031 1170 4100 anim
1199 4049 1276 4102 mox
1300 4031 1430 4103 tumbata
1455 4030 1543 4116 fult,
1574 4044 1652 4100 nato
1685 4028 1762 4098 albo
1784 4026 2023 4114 praecipitato,
2051 4028 2189 4106 aarum

481 4147 607 4234 cdcls3
641 4157 750 4232 oeque
773 4143 808 4214 id
829 4143 939 4216 fuisse
967 4146 1128 4218 mbonaa
1155 4146 1253 4217 calcia
1278 4161 1367 4234 patet
1389 4149 1495 4231 inde,
1523 4147 1616 4232 quod
1641 4145 1747 4232 copia
1767 4145 1883 4232 major·
1893 4155 1989 4229 erat,
2030 4163 2127 4230 quant
2150 4157 2191 4214 ut

484 4279 613 4332 centnm
642 4261 772 4330 acidum
802 4261 1045 4366 carbonicum,
1076 4278 1234 4348 quantum
1273 4265 1452 4336 sufficiebat
1478 4259 1519 4332 'ad
1549 4263 1644 4330 talem
1675 4257 1975 4346 praecipitationem
2009 4262 2191 4346 producen-

484 4377 585 4462 dam,
607 4377 772 4463 plantulae
793 4375 916 4448 fabrica
940 4359 1113 4465 potierit
1111 4379 1297 4467 continere3'
1323 4381 1414 4466 quo'd
1437 4377 1639 4449 calefactum
1651 4365 1728 4447 cutia
1747 4377 1841 4445 acido
1866 4373 2061 4476 atripliurico
2083 4373 2192 4448 nullas

487 4493 634 4566 ιιιιιιιιῐι
657 4494 826 4592 brululasa
849 4495 943 4582 quod
969 4495 1117 4580 addictur
1132 4496 1266 4573 acum
1288 4498 1452 4582 amicum
1463 4499 1590 4575 onias
1606 4495 1725 4628 citius
1731 4491 1895 4592 solverit.
2008 4525 2012 4539 ·
2094 4571 2163 4673 ,Ρη

2162 4619 2198 4670 b·
