4944 6010
486 411 532 486 δ’
769 409 813 478 Η.
877 360 930 480 ⁸C.
1003 425 1127 478 vau
1200 425 1318 476 nnat
1391 397 1593 477 BOOK
1661 394 1915 480 MESCE

487 623 644 691 quasnam
679 603 713 670 in
744 600 886 669 tenebris
918 597 1107 686 profundis.
1151 595 1243 666 'Haec
1275 615 1352 666 vero
1383 596 1546 683 indagatio
1579 597 1675 667 haud
1693 598 1809 683 paucis
1837 595 1996 684 premitur
2023 593 2191 672 difficulter

484 722 599 804 tibus,
633 736 772 805 quarum
805 716 963 801 plurimas
993 733 1032 782 ex
1057 733 1171 798 parum
1202 712 1363 782 elaborata
1400 713 1607 797 multumque
1634 711 1821 797 imperfecta
1851 716 2034 797 plantarum
2068 705 2191 800 analysi

485 833 655 926 proficisci
670 833 881 900 arbitramur.
926 830 961 898 Si
981 811 1057 913 quis
1077 830 1166 897 enim
1201 830 1300 898 hanc.
1321 830 1452 898 illamve
1485 847 1550 897 rem
1586 819 1779 898 illustratam
1813 829 1914 911 velit,
1943 829 2080 914 ideoque
2113 849 2190 932 cum

483 953 548 1020 alia
568 960 752 1033 comparet,
782 945 860 1012 haec
882 963 955 1026 res,
987 963 1126 1027 quacum
1151 944 1346 1042 confertur,
1369 943 1463 1012 debet
1493 963 1564 1012 esse
1587 959 1696 1028 certa,
1727 946 1834 1027 clara,
1861 943 2055 1029 manifestaa
2086 947 2185 1015 nobis

436 1090 440 1096 ·
483 1064 607 1149 igitur,
633 1062 713 1145 qui,
735 1061 848 1144 quales
862 1060 931 1128 sint
948 1059 1053 1128 Lucis
1068 1059 1153 1129 vires
1167 1059 1202 1126 in
1220 1061 1369 1144 plantas,
1390 1072 1571 1143 tentantes,
1591 1060 1921 1148 aLucevegetabilia
1939 1062 2112 1143 orbamus,
2134 1064 2190 1132 de·
2262 1133 2270 1140 ,

484 1179 543 1248 bet
564 1195 637 1245 esse
659 1188 739 1271 nota
764 1187 796 1240 et
819 1186 987 1257 perspecta
1007 1172 1190 1239 eorumdem
1209 1169 1437 1256 vegetabilium
1461 1174 1610 1257 indoles,
1634 1177 1811 1243 secundum
1839 1195 1931 1246 suam
1957 1177 2114 1243 Naturam
2140 1175 2191 1244 vi·

484 1295 653 1376 ventium,
675 1293 822 1374 almaque
850 1289 923 1354 luce
947 1285 1145 1368 fruentium
1170 1285 1248 1356 haec
1271 1306 1351 1364 vero
1373 1308 1484 1360 eorum
1519 1292 1646 1362 indoles
1673 1289 1815 1358 obscura
1840 1305 1891 1358 est
1914 1305 1945 1357 et
1968 1293 2063 1374 latet3
2088 1295 2187 1372 q'uam

484 1411 621 1494 siquis
653 1406 732 1475 velit
764 1405 953 1486 clariorem,
989 1401 1197 1486 vinculisque
1227 1403 1504 1485 quibusteuetatr
1538 1406 1727 1488 liberatam,
1757 1423 1824 1476 cam
1855 1405 2052 1490 ingrediatur
2082 1405 2188 1490 viam,

488 1545 585 1614 quam
620 1538 728 1592 servat
753 1508 878 1588 Natura
905 1536 1036 1602 semper
1065 1519 1128 1584 late
1151 1530 1338 1602 patentem,
1369 1537 1488 1606 nempe
1522 1519 1720 1606 indagandi,
1759 1518 1937 1605 majorique
1970 1519 2191 1605 diligentiam

484 1643 620 1723 studio,
644 1658 740 1724 quam
754 1673 757 1682 ·
772 1637 893 1721 quibus
921 1649 1054 1702 tractata
1088 1633 1152 1706 sibi
1176 1633 1347 1717 videatur,
1367 1639 1553 1719 plantarum
1579 1631 1726 1716 analysin
1751 1633 1925 1718 suscipiat.
1973 1635 2189 1718 Praestantis-¹

486 1759 569 1828 sima
593 1774 672 1822 vero
697 1731 889 1836 qiorumvis
908 1751 1105 1833 optimorum
1131 1748 1363 1818 Chemicorutn
1390 1769 1486 1834 opera
1515 1747 1692 1832 perlegenti
1719 1767 1786 1816 non
1812 1765 1964 1835 apparet,
1979 1749 2188 1836 Ι(ὶίιειιιίιοι,

486 1873 566 1940 dnm
599 1869 716 1962 variam
750 1867 953 1951 singulorum
988 1863 1226 1947 principiorum
1260 1879 1405 1934 naturam
1433 1881 1631 1946 cognoscere
1659 1865 1850 1954 studebant,
1881 1865 2020 1933 faciliori
2049 1873 2142 1960 usos.
2156 1879 2189 1933 et

487 1985 630 2056 breviori
648 1983 823 2062 methodo,
847 1978 1062 2062 experimenta
1085 1978 1268 2060 instituisse
1294 1979 1328 2046 iu
1345 1975 1396 2046 eas
1422 1979 1574 2062 plantas,
1596 1976 1719 2066 quibus
1750 1979 1909 2062 principia
1936 1982 2113 2068 quaerenda
2138 1982 2191 2050 vel

462 2074 606 2188 'majori
630 2096 726 2181 copia
760 2097 813 2162 vel
840 2093 972 2178 puriora
1001 2093 1239 2174 inhaerebant,
1283 2093 1386 2160 rarius
1416 2105 1523 2158 autern
1556 2091 1687 2174 plenam
1714 2093 1843 2160 dedisse
1875 2095 2021 2176 analysin
2052 2095 2193 2181 integrae

486 2216 589 2300 alicuj
589 2233 628 2280 us
651 2212 802 2296 plantae,
825 2206 969 2308 exceptis
990 2207 1103 2297 paucis
1131 2205 1264 2274 Muscis
1286 2221 1317 2272 et
1337 2205 1561 2287 Lichenibus,
1589 2204 1729 2289 reliquas
1752 2208 1981 2314 perfectiorum
2007 2211 2192 2300 plantarum

440 2385 450 2399 .
490 2344 601 2418 gentes
622 2343 735 2412 parum
753 2303 1009 2390 illustrantibus.
1050 2323 1105 2388 Ad
1118 2321 1207 2388 bunc
1220 2323 1465 2388 examinatarum
1483 2322 1666 2404 plantarum
1683 2319 1864 2404 defectum,
1889 2325 2070 2392 accedant
2060 2326 2191 2414 rps'ips,

492 2465 559 2532 qua
583 2445 686 2511 hocce
711 2451 811 2524 caput
835 2438 931 2506 debet
952 2434 1036 2520 niti,
1059 2441 1229 2522 analyseos
1256 2435 1419 2504 defectus.
1463 2435 1548 2500 Nam
1569 2435 1690 2522 primo
1721 2437 1933 2520 dubitamus,
1963 2453 2042 2506 num
2068 2441 2191 2523 plantis

488 2559 537 2642 ira
560 2557 652 2626 dicta·
668 2554 828 2640 principia
853 2551 1002 2637 proxima
1028 2553 1102 2620 talia
1127 2553 1325 2634 inhaereant,
1357 2513 1465 2635 qualia
1492 2570 1531 2618 err
1561 2549 1602 2618 iis
1634 2567 1759 2637 separat
1786 2554 2058 2646 ,quibuscumque
2092 2555 2192 2622 artifi-

489 2673 555 2742 ciis
579 2670 668 2739 varia
688 2667 849 2752 analysis.¹
875 2743 879 2752 ,
906 2667 1008 2755 Quod
1036 2669 1065 2735 si
1097 2669 1149 2738 his
1185 2667 1354 2761 principiis
1392 2663 1588 2770 mutationes
1624 2665 1718 2744 etiam
1756 2669 1842 2764 leves
1876 2668 1992 2738 inferat
2024 2669 2196 2754 analysis,

490 2786 596 2871 quid,
622 2803 766 2868 quaeso,
791 2781 915 2849 scimus
936 2782 1008 2848 de
999 2797 1122 2869 integra
1145 2787 1273 2868 planta,
1295 2785 1379 2868 quid
1401 2789 1440 2854 de
1460 2790 1530 2874 ejus
1553 2786 1691 2853 naturali
1715 2786 1949 2872 principiorum
1968 2786 2192 2869 proximorum

491 2903 571 2973 aede
594 2915 626 2966 et
647 2899 813 2967 indole?
804 2920 837 2968 m
873 2897 1021 2985 periculo
1046 2915 1230 2998 versamur,
1253 2918 1294 2966 ne
1318 2901 1404 2968 falso
1426 2901 1673 2969 concludamus.
1719 2899 1806 2968 Haec
1832 2920 1908 2970 vero
1936 2901 2119 2970 observatio
2148 2899 2195 2968 si·

406 3083 411 3092 ,
492 3017 562 3084 mul
583 3014 701 3095 docet,
722 3013 759 3080 id
777 3017 869 3098 quod
892 3028 923 3081 et
947 2997 1082 3099 'gravius
1109 3026 1222 3098 urget,
1246 3031 1343 3096 quam
1365 3014 1446 3082 levis
1470 3014 1623 3118 nimirum
1648 3027 1680 3080 et
1705 3015 1873 3084 mutabilis
1896 3015 1941 3082 sit
1958 3017 2075 3082 horum
2101 3015 2195 3100 prm·

489 3129 652 3214 cipiorum
675 3142 812 3213 natura,
835 3143 873 3196 ut
900 3129 978 3194 haec
1004 3111 1143 3196 diversis
1171 3127 1325 3196 adhibitis
1350 3130 1553 3216 tergentibus
1583 3103 1742 3197 diversam
1767 3131 1908 3198 indolem
1942 3129 2073 3198 induere
2099 3129 2193 3198 intel·

486 3245 642 3330 ligamus.
686 3243 772 3312 Dein
795 3243 934 3329 plurima
961 3246 1143 3328 plantarum
1171 3243 1329 3327 principia
1362 3245 1509 3328 proxima
1538 3248 1715 3314 nonnullas
1750 3245 1924 3314 admittunt
1960 3245 2056 3327 quasi
2090 3245 2194 3313 modi·

492 3357 686 3440 ficationem
708 3375 837 3425 servare
858 3360 934 3425 haec
961 3358 1111 3426 videntur
1134 3359 1227 3424 dotes
1247 3359 1433 3443 genericas,
1454 3360 1597 3443 accipere
1610 3376 1718 3427 tamen
1741 3361 1869 3444 aliquot
1892 3359 2052 3444 proprias.
2097 3358 2191 3446 Quas

491 3472 731 3558 principiorum
755 3472 879 3559 species
906 3489 944 3542 ut
969 3475 1079 3556 plures
1104 3471 1256 3538 facillime
1279 3473 1382 3558 gignit
1406 3476 1557 3560 organica
1589 3473 1731 3556 fabrica,
1766 3473 1810 3540 ita
1843 3474 1902 3540 has
1933 3472 2104 3550 difficulter
2122 3492 2195 3558 per·

390 3575 391 3578 ¹
493 3587 609 3672 spicue
633 3587 807 3676 distinguit
834 3607 886 3655 ars
917 3587 1091 3669 Chemica3
1115 3585 1192 3652 hinc
1218 3585 1256 3663 fit
1277 3603 1314 3652 ut
1339 3588 1422 3656 inter
1446 3604 1616 3670 auctores,
1646 3589 1721 3654 licet
1746 3587 1835 3654 omni
1865 3577 2190 3671 fidedignissimos,

489 3703 554 3769 rari
576 3701 649 3796 sint
673 3720 879 3784 consensus,
910 3701 968 3767 ubi
1000 3702 1062 3767 hos
1077 3713 1290 3794 ,exspectares
1317 3716 1442 3786 certos,
1477 3705 1552 3771 haec
1584 3701 1648 3769 fuit
1678 3701 1849 3769 difficultas
1882 3719 1978 3784 quam
2005 3700 2039 3767 in
2067 3701 2195 3786 planta·

490 3833 564 3883 rum
590 3819 714 3902 arralysi
735 3815 961 3904 gravissimam
987 3835 1038 3882 mc
1060 3815 1165 3882 fuisse
1188 3831 1356 3900 expertum
1384 3817 1499 3884 fateor.
1544 3818 1627 3885 Sane
1644 3830 1679 3882 et
1706 3816 1781 3881 haec
1809 3815 1976 3899 analyseos
2007 3834 2081 3898 pars
2114 3818 2195 3882 ulte·

491 3930 604 3997 teriori
624 3933 789 4015 examine,
806 3932 883 4000 licet
901 3929 1022 4000 difficili
1039 3946 1070 3998 et
1095 3931 1261 4012 taedioso,
1284 3948 1352 3998 non
1369 3931 1498 4016 indigna
1513 3932 1653 3998 videtur.
1696 3929 1840 4024 Tertio,¹
1852 3930 1971 3997 desunt
1984 3947 2020 3995 ea
2036 3926 2209 4016 reageotia'

489 4060 527 4113 et
556 4046 698 4128 auxilia,
726 4065 812 4130 quae
834 4067 901 4115 non
930 4062 1057 4116 ¹tantum
1088 4045 1247 4129 principia
1274 4065 1390 4129 sapore
1419 4062 1450 4112 et
1474 4048 1574 4114 odore
1605 4044 1742 4112 maxime
1766 4064 1843 4112 ase
1874 4043 2012 4113 invicem
2044 4044 2192 4126 diversa,

491 4160 552 4227 sed
579 4174 611 4237 er
633 4159 731 4226 unius
749 4162 958 4246 ejusdemque
975 4159 1127 4243 principii
1147 4159 1292 4243 species,
1316 4177 1467 4227 accurate
1495 4175 1528 4226 et
1553 4175 1703 4244 prompte
1725 4173 1917 4226 monstrent.
1962 4157 2072 4247 Quid,
2104 4157 2195 4240 quod

491 4273 587 4356 plura
612 4289 710 4357 sunt,
734 4275 873 4357 quaein
897 4274 1158 4358 variaprincipia
1187 4265 1287 4357 agunt
1315 4289 1382 4342 non
1412 4273 1532 4372 dispari
1558 4273 1695 4366 ratione.
1728 4273 1964 4362 Qualesvero
1992 4286 2024 4337 et
2058 4287 2195 4354 quantae

494 4387 661 4456 molestiae
685 4389 763 4458 inde
783 4391 911 4474 anslysi
935 4389 1140 4471 exoriantur,
1167 4388 1262 4456 facile
1278 4390 1501 4486 perspicitur,
1524 4393 1668 4470 quisquc
1685 4389 1796 4468 enim,
1811 4387 1887 4472 qur·
1910 4387 2091 4471 planmrum
2112 4405 2198 4453 :ana-

491 4497 583 4590 lysin
605 4501 655 4570 vel
679 4503 794 4584 leviter
817 4503 943 4591 tetigit,
967 4504 1054 4576 baud
1075 4505 1232 4592 ignorat,
1263 4503 1426 4574 rarissime
1447 4505 1498 4574 vel
1530 4521 1714 4587 numquam
1738 4503 1920 4588 plantarum
1951 4501 2094 4570 fabricae
2122 4516 2194 4576 tan·

2126 4629 2199 4684 tun
