4944 6010
522 549 566 603 n
762 476 849 596 xra'
921 525 968 600 ca
1039 543 1165 600 aaa
1238 546 1357 600 aaa
1428 521 1633 599 uoou
1703 521 1955 602 uraca

520 721 650 812 gentis,
673 717 860 803 collemque
880 719 1044 788 animalem
1068 717 1278 804 praecipitare
1300 718 1363 786 sub
1391 717 1501 804 specie
1532 718 1680 790 materiae
1708 719 1853 804 tenacis,
1884 718 1919 790 in
1945 737 2029 806 aqua
2054 741 2121 792 non
2140 727 2232 794 solu·

425 822 432 831 '
519 837 624 921 attis,
648 834 838 903 maritume
862 835 1102 920 putrescentia
1127 849 1343 920 magnamque
1365 835 1432 904 vim
1462 849 1606 904 mercna
1639 834 1674 904 in
1700 835 2060 921 quinamentorum
2090 841 2229 909 ornau-

519 973 601 1036 nes,
626 950 797 1020 maximam
822 950 856 1019 in
873 964 1021 1020 samaeas
1048 963 1080 1018 et
1101 948 1230 1020 ferreas.
1275 949 1325 1021 Ut
1346 945 1538 1034 extractial,
1569 949 1617 1020 sic
1638 947 1766 1019 coriarii
1787 951 1941 1038 principii
1967 956 2126 1040 plurimae
2149 967 2229 1024 sunt

514 1069 665 1153 speeies3
698 1067 847 1150 exemplo
874 1064 940 1132 sint
963 1064 1125 1150 principia
1150 1065 1320 1134 coriariae
1341 1066 1480 1149 Gallis,
1496 1065 1611 1150 Thea,
1633 1063 1737 1135 Tevia
1762 1066 1929 1151 Cataehu,
1959 1069 2097 1139 Gummi
2114 1071 2227 1156 Kino,

450 1171 451 1176 ’
516 1179 647 1270 patara,
670 1180 722 1248 his
745 1167 1008 1250 illisvedotibus
1031 1199 1050 1248 a
1077 1181 1271 1251 seinvicem
1295 1183 1429 1254 diversa.
1474 1181 1593 1269 Glgnit
1618 1183 1829 1251 antoniane
1862 1185 2023 1252 materiem
2049 1187 2156 1254 omnis
2179 1203 2228 1253 rc·

517 1297 597 1385 gio,
630 1297 659 1364 si
681 1296 867 1378 lichenum,
898 1299 1112 1381 muscorum,
1144 1297 1310 1384 algarum,
1342 1297 1466 1384 quippe
1491 1297 1651 1366 rarissime
1686 1315 1754 1367 eam
1782 1315 1898 1370 seeum,
1923 1297 2112 1384 ferentium,
2134 1299 2228 1386 frigi·

464 1488 467 1498 .
517 1413 626 1482 diores
654 1411 819 1496 exceperis
840 1409 961 1495 patrias
986 1413 1093 1499 (16).
1135 1411 1233 1480 Licet
1258 1425 1367 1481 autem
1394 1427 1462 1483 mom
1476 1433 1640 1482 summan
1669 1415 1753 1484 eolis
1785 1414 1954 1482 efficaciam
1968 1415 2226 1502 ¹arrigunt-plata·

517 1543 592 1611 tae,
618 1541 656 1595 ut
679 1525 869 1594 coriarium·
884 1526 987 1594 hocce
1008 1525 1208 1610 principium
1225 1519 1577 1613 profanatoribus
1607 1529 1762 1618 Quereu,
1794 1531 2029 1612 Tormentilla,
2052 1531 2219 1615 distorta,

516 1643 613 1726 aliiae
635 1657 741 1708 tanen
764 1639 896 1709 videtur
918 1641 954 1709 itt
975 1641 1186 1710 calidioribus
1210 1644 1304 1709 terris
1331 1656 1363 1708 ct
1384 1643 1502 1728 purius
1535 1661 1569 1713 et
1596 1646 1709 1731 maiori
1729 1647 1828 1729 copia
1858 1645 1978 1729 pataria
2008 1646 2229 1712 docentsuc·

515 1777 579 1826 cus
604 1757 752 1826 Catechu
778 1754 1007 1840 Bengalensis,
1037 1755 1172 1834 Gummi
1198 1759 1285 1827 Kino
1316 1759 1541 1844 Africanum,
1572 1761 1762 1846 praeprimis
1787 1759 1921 1842 Gallae,
1955 1779 2091 1844 quarum
2126 1760 2223 1844 Alip·

515 1892 633 1960 penses
665 1873 802 1957 majores
838 1871 972 1954 reliquis
1008 1871 1110 1958 magis
1141 1874 1388 1960 adsuingentes.
1440 1875 1528 1944 Sunt
1573 1896 1707 1960 quoque
1747 1875 1909 1960 Physiei,
1948 1873 2006 1957 qui
2045 1873 2222 1941 amaritiem

514 1989 711 2076 quamdam,
744 2001 843 2068 quam
865 1986 1042 2052 nonnullae
1063 1987 1191 2071 plantae
1223 1989 1393 2056 continent
1424 1990 1612 2077 insignem,
1642 1991 1762 2059 habent
1790 1987 1987 2076 principium
2026 1988 2223 2069 peculiares

515 2103 650 2173 caetuis
674 2101 862 2181 diversum,
895 2101 1051 2183 quodque
1078 2100 1194 2170 dicunt
1216 2101 1431 2186 purissimum
1468 2103 1539 2171 fieri
1566 2107 1600 2173 in
1625 2105 1783 2194 Quassiae
1813 2097 1927 2190 ligno,
1958 2095 2085 2185 Lupu'li
2111 2095 2224 2185 ‘tup'uli

515 2219 633 2300 foliis,
659 2214 838 2284 Οειιῑίιιιιε
863 2213 969 2282 radice
995 2214 1104 2302 (ιγ).
1160 2217 1328 2286 inhaerere
1359 2217 1491 2304 saepius
1528 2221 1703 2289 amaririetn
1731 2215 1940 2286 fortissimam
1964 2215 2144 2300 plantarum
2170 2234 2225 2286 ex·

515 2335 629 2406 tractis
653 2334 827 2412 dommus,
852 2328 979 2397 interim
994 2330 1124 2399 difficile
1139 2347 1188 2398 est
1202 2331 1362 2418 judicare,
1386 2334 1471 2402 sitae
1492 2335 1555 2403 hoe
1576 2334 1776 2421 principium
1791 2347 1932 2401 amarum
1950 2349 2024 2400 cum
2042 2330 2223 2400 exuretivo

511 2450 698 2523 arctissime
720 2449 898 2534 junctum,
930 2463 971 2512 an
990 2463 1066 2514 vero
1093 2447 1243 2514 materiae
1265 2449 1460 2516 exuactivae
1482 2448 1585 2517 indoli
1601 2449 1731 2533 propria
1752 2450 1796 2516 sit
1819 2452 1896 2516 haec
1918 2445 2093 2514 amarities.
2131 2446 2224 2534 Quid

517 2569 610 2654 quod
625 2565 682 2634 alii
704 2566 786 2631 hanc
800 2561 978 2630 amariticm
997 2563 1126 2630 crudam
1143 2561 1272 2630 conani
1289 2565 1443 2650 principii
1457 2564 1576 2650 speciei
1599 2563 1809 2648 adscribunt;
1834 2578 1917 2646 quot
1931 2578 1963 2629 et
1976 2575 2095 2646 quauta
2111 2563 2222 2630 etiam·

515 2701 596 2750 num
616 2681 652 2748 iar
672 2677 900 2763 vegetabilium
918 2676 1040 2760 analysi
1060 2675 1127 2743 sint
1149 2676 1381 2762 desideranda,
1406 2693 1536 2764 apparet
1559 2678 1689 2745 iterum.
1735 2677 1908 2766 Quidquid
1928 2677 1993 2759 sit,
2018 2678 2103 2762 larga
2122 2697 2221 2748 manu

515 2797 552 2866 itt
574 2793 694 2880 plantis
717 2791 891 2876 amariciem
915 2791 1020 2878 gignit
1033 2791 1178 2874 Natura,
1201 2811 1309 2876 neque
1321 2795 1503 2874 excluditur
1520 2793 1629 2882 regio,
1649 2793 1777 2861 etiamsi
1798 2791 2030 2878 frigidissima,
2054 2807 2138 2876 quae
2153 2811 2224 2864 oon

516 2913 648 2997 plantas
668 2922 755 2995 gerat
772 2906 916 2974 amaritia
937 2906 1100 2992 insignes:
1134 2909 1253 2974 docent
1277 2909 1342 2977 hoc
1369 2911 1593 2993 Taraxacum,
1630 2910 1819 2990 Gentiana,
1849 2907 1976 2975 Licheo
2003 2901 2220 2993 Yslandicus'}

514 3041 656 3094 attamen
673 3022 832 3092 amarities
848 3023 1027 3106 praevalere
1042 3021 1171 3088 videtur
1190 3021 1224 3090 im
1240 3025 1362 3108 plantis
1384 3026 1529 3093 calidiori
1554 3027 1647 3092 coelo
1669 3021 1858 3106 utentibus3
1884 3035 1921 3088 ut
1940 3039 1979 3088 ex
1998 3039 2106 3090 aarum
2123 3022 2223 3109 lignis

513 3156 549 3210 et
574 3139 755 3208 corticibus
779 3152 924 3222 apparet.
966 3117 1093 3204 Multas
1119 3138 1246 3222 plantas
1274 3159 1389 3224 sapore
1419 3140 1485 3208 acri
1512 3154 1625 3208 etrerrte
1659 3137 1796 3206 enrinere
1825 3135 1980 3206 norimus
2003 3141 2124 3227 (18);
2157 3141 2223 3206 hoo

516 3256 607 3342 pleni
631 3268 710 3322 sunt
735 3253 926 3335 ranunculi,
949 3251 1105 3337 raphani,
1127 3250 1256 3336 sinapi,
1279 3254 1371 3338 piper
1395 3254 1504 3322 album
1530 3269 1562 3321 et
1589 3252 1822 3339 Hispanicum:
1854 3271 1968 3336 patum
1995 3267 2101 3320 autem
2127 3254 2222 3326 noui·¹

516 3391 592 3440 mus
617 3371 713 3454 quale
733 3369 796 3436 hoc
823 3369 868 3437 sit
893 3366 1113 3453 principium
1137 3386 1212 3434 cum
1236 3370 1334 3441 variis
1356 3370 1526 3454 principiis
1552 3371 1775 3437 videturesse
1806 3369 2023 3455 conjungere,
2046 3387 2119 3436 curn
2145 3371 2219 3438 olco

511 3489 684 3566 aethaeo,
716 3499 753 3551 ut
777 3483 811 3550 in
843 3483 971 3566 sinapi,
1002 3498 1077 3548 cum
1104 3480 1317 3566 mucilagine,
1341 3484 1437 3552 utin
1457 3485 1609 3552 Mezereo
1634 3482 1749 3569 (19);
1782 3501 1889 3567 meque
1923 3501 2018 3550 omne
2052 3483 2115 3550 hoc
2146 3479 2220 3554 a'cre

514 3599 713 3688 principium
744 3597 846 3665 unius
877 3597 1087 3684 ejusdemque
1110 3597 1232 3666 indolis
1262 3616 1355 3681 esse,
1385 3599 1502 3668 doomt
1526 3612 1643 3684 gustus
1666 3610 1850 3683 etractus,
1881 3611 1914 3664 et
1936 3599 2027 3682 quod
2055 3597 2119 3665 hoc
2148 3616 2221 3666 acre

2187 3731 2223 3780 ιιι

482 3891 487 3896 ¹
547 3927 620 3998 (ro)
639 3925 762 3996 Quam
775 3923 923 3990 itigldiorea
935 3937 1021 3982 remae
1035 3928 1231 3994 erepturamiela
1247 3925 1341 3995 planels
1354 3925 1503 3996 pleramque
1519 3929 1627 3999 ditiores
1637 3887 1786 4016 rideantur,
1802 3939 1877 3992 qaam
1888 3924 2042 3989 calidioreaa
2055 3929 2103 3994 lupe
2116 3940 2221 3992 qaoque

512 4025 645 4090 {meatem
659 4019 906 4085 etypmeamiemum
919 4022 1021 4086 copiam
1037 4025 1121 4076 alonae
1145 4024 1180 4075 itt
1195 4025 1362 4076 Hulauaias.
1385 4055 1404 4085 ,‚
1420 4022 1447 4079 sl
1461 4024 1571 4076 d'autres
1593 4035 1735 4085 voyageara
1750 4035 1794 4073 oar
1815 4023 1901 4073 arture
1924 4013 2024 4086 qne'lea
2046 4032 2221 4084 cryptorataes

515 4153 539 4184 „
555 4129 615 4171 aont
629 4127 681 4167 tres
695 4103 764 4164 r'trea
776 4127 836 4163 sous
850 4115 888 4164 lea
903 4115 1053 4178 uoplquea,
1070 4119 1137 4168 cette
1153 4119 1279 4171 aasenlom
1295 4117 1439 4170 seioadoit
1452 4131 1508 4170 sarrs
1522 4119 1599 4170 dotare
1616 4130 1658 4166 ror
1673 4107 1792 4178 ee'qu'lli
1808 4127 1839 4164 ae
1860 4115 1994 4165 vlaitolent
2018 4117 2129 4175 quecea
2148 4101 2219 4162 colia

515 4247 535 4277 ,‚
551 4211 654 4273 aridae,
669 4219 704 4260 ou
719 4207 764 4257 dea
778 4207 840 4256 lloaa
858 4205 971 4257 cultim
983 4220 1040 4260 aaut
1054 4221 1174 4272 penetret
1186 4225 1258 4266 assez
1272 4213 1335 4264 datas
1345 4209 1491 4263 i'interlear
1503 4214 1548 4263 der
1564 4212 1707 4262 continens.
1738 4209 1790 4258 Des
1804 4209 1901 4271 plantes
1914 4203 2074 4257 deheneoses
2088 4205 2120 4254 dc
2134 4203 2219 4254 meme

514 4339 537 4370 „
554 4302 647 4366 aspere
662 4312 690 4350 ae
705 4310 825 4352 trouvem
837 4289 898 4350 saus
912 4307 996 4352 toutes
1010 4301 1048 4350 lca
1061 4301 1199 4364 latitudeaa
1216 4309 1272 4356 leur
1284 4305 1369 4355 forme
1382 4303 1467 4366 paroit
1489 4305 1554 4355 roasi
1568 4285 1756 4368 ludepeodautc¹
1773 4301 1807 4352 de
1820 4297 1965 4350 l'inlluaaca
1979 4300 2025 4351 dea
2040 4295 2156 4360 eduam,
2168 4305 2219 4358 qua

508 4431 539 4462 „,
554 4397 612 4446 l'eat
627 4397 650 4443 la
664 4402 754 4442 muare
769 4392 813 4440 dea
827 4392 919 4442 caedes
931 4392 1009 4455 qu'lla
1023 4394 1145 4446 habitent.
1154 4397 1173 4424 '⁹
1197 4399 1322 4462 centupla.
1335 4396 1374 4448 aas
1388 4396 1468 4448 Plane.
1492 4409 1518 4462 p.
1535 4407 1575 4448 aa·

547 4485 624 4549 (¹7)
638 4485 724 4534 llam.
740 4479 771 4534 l.
789 4484 822 4536 L.
845 4496 873 4546 p·
889 4497 934 4548 aaa
948 4497 1002 4549 seq.
1033 4489 1118 4541 σιω.
1134 4489 1165 4544 L.
1182 4487 1213 4542 L.
1237 4505 1264 4556 p.
1281 4491 1312 4542 aa
1326 4501 1381 4553 aeq.

543 4576 624 4641 (aa)
642 4576 775 4627 remu
791 4575 820 4624 L·
842 4579 998 4657 pasdaeq.

547 4671 624 4736 (ιι)
640 4667 747 4720 W·
761 4665 834 4721 M-
853 4681 880 4736 a·
898 4679 937 4732 aa
